1518 2615
654 221 822 258 Filices.
1300 218 1375 256 413

426 320 720 365 Conspectus
754 317 1058 353 familiarum.

197 391 229 426 1.
277 388 492 434 Sporangia
507 387 756 431 hypophylla,
776 386 1000 430 plerumque
1020 385 1060 418 in
1083 394 1193 418 soros
1211 382 1375 418 collecta

108 446 326 489 (Ver-natio,
349 443 547 488 perpaucis
573 443 752 487 exceptis,
778 440 992 483 circinata.)
1013 459 1026 465 -
1051 440 1204 473 Filices.

194 503 227 538 2.
275 499 491 544 Sporangia
516 498 675 532 nuncin
701 496 831 531 axillis
855 496 1035 530 soliorum
1062 496 1250 540 solitaria,
1275 503 1378 529 nunc

106 556 250 600 spicata
284 554 522 598 terminalia,
554 553 710 600 singula
740 552 898 586 bractea
930 551 1110 596 suffulta,
1142 550 1376 593 reniformia,

104 614 325 645 transverse
346 610 519 643 bivalvia
544 625 1027 637 -------------
1055 607 1376 651 Lycopodiaceae.

191 667 226 702 3.
273 665 490 711 Sporangia
514 675 580 709 per
610 666 988 709 quaterna-septena
1012 663 1179 708 paginae
1203 660 1377 695 inferiori

103 731 286 766 squamae
310 721 478 766 peltatae
502 721 655 764 adnata,
681 719 983 762 membranacea,
1008 719 1216 752 introrsum
1242 727 1376 751 secun-

107 777 194 810 dum
222 777 505 823 longitudinem
542 776 796 816 dehiscentia;
827 784 1008 820 squamae
1036 774 1205 817 peltatae
1235 773 1276 807 in
1301 772 1376 818 spi-

105 843 187 867 cam
212 832 450 866 terminalem
476 831 661 866 collectae
697 847 1031 857 ---------
1056 829 1343 874 Equisetaeeae.

192 890 226 924 4.
274 886 436 933 Organa
471 887 765 934 propag-ationis
799 886 959 931 duplicis
994 885 1155 928 indolis,
1198 895 1300 918 nunc
1335 884 1376 917 in

106 943 249 988 eodem,
275 953 376 978 nunc
400 943 442 977 in
467 943 626 977 diversis
652 942 909 987 sporocarpiis
935 959 950 967 ·
974 960 989 968 ·
1014 961 1028 968 -
1052 940 1360 986 Hydropterides.

527 1078 782 1126 FILICES
818 1078 955 1126 Jass.

205 1151 436 1201 Sporangia
470 1151 513 1190 in
545 1152 741 1191 foliorum
779 1154 905 1191 dorso
937 1153 1006 1191 vel
1039 1152 1225 1202 margine
1256 1149 1375 1196 venis

103 1212 310 1262 imposita,
337 1213 548 1251 rarissime
574 1214 722 1263 pinnas
741 1216 1170 1252 mutato-contractas
1194 1212 1375 1263 undique

103 1272 345 1323 operientia,
372 1275 617 1324 plerumque
642 1275 685 1312 in
714 1276 930 1313 acervulos
955 1274 1119 1326 (soros)
1146 1276 1282 1312 nudos
1308 1273 1378 1312 vel

101 1334 268 1372 indusio
308 1334 553 1384 (squamula
592 1337 903 1375 membranacea
949 1338 1018 1374 vel
1060 1337 1148 1374 folii
1192 1335 1378 1385 margine

102 1395 402 1444 transmutato)
431 1399 563 1434 tectos
594 1397 787 1443 collecta,
824 1397 1068 1446 pedicellata
1103 1398 1169 1434 vel
1203 1396 1377 1445 sessilia,

105 1456 375 1504 l-loeularia‚
403 1456 616 1495 indefinite
645 1458 909 1497 dehiscentia.
964 1457 1166 1507 Sporulae
1193 1458 1377 1505 crebrae,

103 1516 273 1564 liberae,
295 1517 538 1565 globulosae
562 1519 630 1554 vel
654 1521 882 1568 angulatae,
932 1519 1116 1557 Plantae
1142 1518 1378 1556 rhizomate

107 1576 359 1615 abbreviato
379 1580 419 1614 et
438 1577 685 1615 incrassato
711 1579 779 1615 vel
803 1579 1002 1629 elongato
1031 1584 1073 1618 et
1096 1583 1279 1629 repente,
1305 1592 1377 1616 ra-

106 1638 201 1676 rius·
228 1637 408 1675 caudice
419 1636 464 1687 *)
493 1638 807 1688 simplicissimo
836 1644 977 1678 erecto
995 1640 1240 1691 praeditae.
1293 1641 1376 1677 Fo-

106 1699 166 1737 lia
196 1696 215 1748 (
217 1696 431 1748 frondes)
459 1710 631 1748 sparsa,
658 1711 788 1750 saepe
813 1705 1253 1752 rosaceo—congesta,
1280 1701 1375 1739 sim·

96 1760 240 1811 plicia
271 1759 341 1796 vel
374 1761 636 1808 composita,
670 1761 748 1798 illa
780 1761 951 1812 integra
984 1764 1054 1801 vel
1077 1764 1196 1801 varie
1222 1763 1373 1801 divisa.

115 1820 338 1868 Vernatio,
368 1819 691 1870 Ophioglosseis
718 1823 929 1872 exceptis,
965 1825 1187 1864 circinata.

462 1901 754 1947 Conspectus
789 1915 1024 1951 generum.

106 1959 138 1995 Ι.
161 1957 380 2004 Sporangia
397 1959 543 1992 annulo
563 1960 769 1994 articulato
791 1962 966 1996 verticali
987 1963 1219 2008 incompleta
1238 1965 1376 2009 cincta,

240 2012 509 2060 irregulariter
533 2016 751 2050 transverse
773 2017 1000 2062 rumpentia.
1025 2017 1377 2064 (Polypodiaceae.)

177 2104 205 2134 ⁸)
227 2100 349 2128 Caudex
374 2099 556 2136 petiolorum
583 2102 702 2131 basibus
727 2104 949 2141 persistentibus
968 2106 1142 2142 corticaius,
1160 2107 1342 2146 compositus
1361 2118 1377 2136 e

106 2151 247 2175 contextu
265 2147 539 2183 parenchymaioso,
555 2157 609 2184 per
626 2150 794 2186 cylindrum
811 2151 1023 2180 fasciculorum
1041 2153 1209 2190 ligneorum
1227 2155 1378 2192 integrum

108 2192 139 2220 in
157 2192 230 2220 duas
249 2191 347 2220 diviso
367 2197 464 2230 partes
491 2194 710 2230 concentricas,
737 2197 862 2225 alteram
886 2204 1055 2236 angustam,
1080 2199 1158 2228 inter
1183 2201 1323 2230 corticem
1347 2207 1377 2230 et

107 2238 222 2275 lignum
240 2238 382 2274 positam,
408 2239 527 2266 alteram
547 2240 697 2275 majorem,
718 2244 895 2279 cena-alem,
921 2245 1134 2282 medullarem,
1162 2256 1220 2284 ope
1238 2248 1377 2275 rimarum

109 2283 238 2320 cylindri
263 2284 352 2321 lignei
379 2294 446 2312 cum
466 2285 616 2315 exteriore
635 2288 901 2319 communicantem
925 2300 1084 2330 versusque
1101 2292 1230 2330 petiolos
1254 2293 1378 2323 fascicu-

110 2330 157 2359 los
174 2330 339 2360 vasculares
358 2331 550 2364 emittentem.
