1518 2615
249 489 334 546 ΙΙ.
414 487 1074 545 CRYPTOGAMAE
1123 495 1303 548 [siml.

146 583 598 656 Acotyledones
620 583 777 639 JuSS.
820 582 1082 657 Agamae
1106 585 1276 641 Neck.
1315 585 1406 640 In-

149 668 564 741 embryonatae
595 674 655 723 et
679 667 1003 723 Arrhizeae
1025 668 1192 726 Rich.
1231 669 1407 725 Plan-

209 760 306 808 tae
333 753 648 809 cellulares
679 759 739 808 et
760 753 1342 825 Monocotyledones

458 843 877 912 cryptogamae
914 838 1092 894 Cand.

146 934 360 1005 Plantae
383 956 689 1022 plerumque
714 974 741 1005 e
770 957 878 1004 solo
903 965 1136 1005 contextu
1159 956 1408 1012 celluloso,

146 1035 306 1081 rarius
342 1050 398 1082 ex
431 1033 530 1082 hoc
565 1043 613 1083 et
649 1033 885 1082 fasciculis
908 1033 1244 1082 vascularibus
1275 1050 1409 1082 com-

147 1112 355 1175 positae,
402 1112 601 1174 organis
636 1110 913 1160 sexualibus
947 1111 1165 1175 ideoque
1199 1110 1327 1160 flore
1363 1119 1411 1159 et

149 1189 341 1236 semine
384 1189 620 1252 privatae,
668 1188 1027 1252 propagatione
1078 1196 1276 1236 utentes
1318 1204 1411 1252 per

149 1264 399 1329 sporulas;
431 1265 523 1314 hae
547 1265 828 1327 embryone
855 1265 1124 1320 destitutae,
1156 1281 1293 1312 nunc
1319 1280 1411 1328 per

149 1351 300 1390 totam
336 1342 528 1406 plantae
563 1341 883 1406 superficiem
918 1357 1132 1405 sparsae,
1168 1358 1225 1389 ex
1258 1342 1409 1405 ipsius

148 1428 344 1467 textura
379 1427 714 1481 emergente5‚
757 1434 895 1464 nunc
934 1419 1062 1464 intra
1096 1416 1261 1465 thecas
1295 1433 1411 1481 pro—

149 1497 280 1559 prias
315 1508 484 1546 enatae
542 1511 680 1542 nunc
714 1494 988 1559 sporangiis
1023 1493 1255 1543 inclusae.

473 1630 901 1678 FILICOIDEAE
937 1627 1097 1677 Lz‘ndl.

150 1718 459 1780 Endogenae
504 1726 853 1782 cryptogamae
899 1716 1056 1765 Cand.
1134 1718 1410 1765 Heterone-

194 1812 335 1844 meae
367 1796 522 1843 Fries.
580 1793 1134 1855 Pseudocotyledoneae
1166 1793 1379 1840 vascula-

237 1889 317 1921 res
330 1873 558 1936 Agardh.
593 1871 848 1933 Acrobrya
867 1869 1168 1935 protophyta
1185 1871 1334 1918 Endl.

228 1959 402 1997 Plantae
439 1960 554 1997 caule
597 1962 638 1996 et
671 1958 787 1995 fibris
822 1957 1069 1995 radicalibus
1103 1955 1348 2004 instructae,
1389 1967 1411 1993 e

152 2023 350 2059 contextu
383 2021 601 2067 cellffloso,
637 2018 844 2056 fasciculis
871 2017 1156 2056 vascularibus
1182 2016 1313 2066 magis
1339 2015 1410 2053 mi-

149 2092 283 2119 nusve
309 2081 521 2133 perfectis,
550 2079 799 2119 centralibus
827 2080 894 2117 vel
920 2077 1189 2128 periphericis
1215 2088 1411 2125 percurso

151 2143 412 2190 compositae.
467 2141 581 2181 Folia
608 2152 718 2181 nunc
748 2141 882 2188 nulla,
909 2152 1018 2177 nunc
1045 2139 1233 2185 discreta,
1262 2140 1411 2179 stoma-

151 2201 264 2253 tibiis
308 2204 469 2240 donata.
542 2201 772 2250 Sporangia
814 2200 952 2249 varia,
993 2197 1180 2237 axinaria
1220 2198 1287 2234 vel
1329 2196 1410 2246 epi-

151 2263 310 2312 phylla‚
331 2261 706 2311 l-plurilocularia.
759 2259 960 2310 Sporulae
980 2259 1162 2307 crebrae,
1189 2257 1297 2296 intra
1319 2269 1409 2306 spo-

153 2323 296 2374 rangia
324 2323 498 2371 liberae,
526 2322 809 2371 integumento
837 2321 1075 2358 instructae.
