<?xml version="1.0" encoding="UTF-8"?>
<!DOCTYPE html PUBLIC "-//W3C//DTD XHTML 1.0 Transitional//EN"
    "http://www.w3.org/TR/xhtml1/DTD/xhtml1-transitional.dtd">
<html xmlns="http://www.w3.org/1999/xhtml" xml:lang="en" lang="en">
 <head>
  <title>
</title>
<meta http-equiv="Content-Type" content="text/html;charset=utf-8" />
  <meta name='ocr-system' content='tesseract 3.04.00' />
  <meta name='ocr-capabilities' content='ocr_page ocr_carea ocr_par ocr_line ocrx_word'/>
</head>
<body>
  <div class='ocr_page' id='page_1' title='image "./floraberolinensi02kunt_0359.png"; bbox 0 0 1518 2615; ppageno 0'>
   <div class='ocr_carea' id='block_1_1' title="bbox 648 197 1363 235">
    <p class='ocr_par' dir='ltr' id='par_1_1' title="bbox 648 197 1363 235">
     <span class='ocr_line' id='line_1_1' title="bbox 648 197 1363 235; baseline 0.003 -2"><span class='ocrx_word' id='word_1_1' title='bbox 648 197 799 234; x_wconf 75' lang='lat' dir='ltr'><strong>Carex.</strong></span> <span class='ocrx_word' id='word_1_2' title='bbox 1287 197 1363 235; x_wconf 85' lang='lat'><strong>353</strong></span> 
     </span>
    </p>
   </div>
   <div class='ocr_carea' id='block_1_2' title="bbox 95 294 1365 451">
    <p class='ocr_par' dir='ltr' id='par_1_2' title="bbox 95 294 1365 451">
     <span class='ocr_line' id='line_1_2' title="bbox 96 294 1363 341; baseline -0.002 -11"><span class='ocrx_word' id='word_1_3' title='bbox 96 296 197 330; x_wconf 89' lang='lat' dir='ltr'><strong>tibus</strong></span> <span class='ocrx_word' id='word_1_4' title='bbox 227 297 268 339; x_wconf 77' lang='lat'><strong>33</strong></span> <span class='ocrx_word' id='word_1_5' title='bbox 297 295 470 329; x_wconf 88' lang='lat' dir='ltr'><strong>utriculis</strong></span> <span class='ocrx_word' id='word_1_6' title='bbox 501 294 658 339; x_wconf 87' lang='lat' dir='ltr'><strong>oblique</strong></span> <span class='ocrx_word' id='word_1_7' title='bbox 687 294 1055 341; x_wconf 79' lang='lat' dir='ltr'><strong>ovato-oblongis,</strong></span> <span class='ocrx_word' id='word_1_8' title='bbox 1086 294 1277 328; x_wconf 81' lang='lat' dir='ltr'><strong>levissime</strong></span> <span class='ocrx_word' id='word_1_9' title='bbox 1303 305 1363 328; x_wconf 88' lang='lat' dir='ltr'><strong>ar-</strong></span> 
     </span>
     <span class='ocr_line' id='line_1_3' title="bbox 95 349 1364 395; baseline -0.001 -10"><span class='ocrx_word' id='word_1_10' title='bbox 95 352 235 395; x_wconf 88' lang='lat' dir='ltr'><strong>cuatis,</strong></span> <span class='ocrx_word' id='word_1_11' title='bbox 261 360 421 395; x_wconf 85' lang='lat' dir='ltr'><strong>superne</strong></span> <span class='ocrx_word' id='word_1_12' title='bbox 446 350 874 394; x_wconf 83' lang='lat' dir='ltr'><strong>attenuato-rostratis,</strong></span> <span class='ocrx_word' id='word_1_13' title='bbox 900 349 984 382; x_wconf 90' lang='lat' dir='ltr'><strong>basi</strong></span> <span class='ocrx_word' id='word_1_14' title='bbox 1009 350 1204 392; x_wconf 88' lang='lat' dir='ltr'><strong>cuneatis,</strong></span> <span class='ocrx_word' id='word_1_15' title='bbox 1228 350 1364 384; x_wconf 90' lang='lat' dir='ltr'><strong>subco-</strong></span> 
     </span>
     <span class='ocr_line' id='line_1_4' title="bbox 95 404 1365 451; baseline -0.002 -10"><span class='ocrx_word' id='word_1_16' title='bbox 95 408 251 444; x_wconf 88' lang='lat' dir='ltr'><strong>riaccis,</strong></span> <span class='ocrx_word' id='word_1_17' title='bbox 292 406 663 448; x_wconf 84' lang='lat' dir='ltr'><strong>nervoso-costatis‚</strong></span> <span class='ocrx_word' id='word_1_18' title='bbox 706 405 876 451; x_wconf 81' lang='lat' dir='ltr'>glabris,</span> <span class='ocrx_word' id='word_1_19' title='bbox 919 415 1115 449; x_wconf 84' lang='lat' dir='ltr'><strong>squamam</strong></span> <span class='ocrx_word' id='word_1_20' title='bbox 1150 404 1365 451; x_wconf 72' lang='lat' dir='ltr'><strong>oblongam</strong></span> 
     </span>
    </p>
   </div>
   <div class='ocr_carea' id='block_1_3' title="bbox 95 459 1365 560">
    <p class='ocr_par' dir='ltr' id='par_1_3' title="bbox 95 459 1365 560">
     <span class='ocr_line' id='line_1_5' title="bbox 96 459 1365 507; baseline -0.001 -11"><span class='ocrx_word' id='word_1_21' title='bbox 96 472 259 507; x_wconf 86' lang='lat' dir='ltr'><strong>superne</strong></span> <span class='ocrx_word' id='word_1_22' title='bbox 290 461 730 506; x_wconf 79' lang='lat' dir='ltr'><strong>angustato-aristatam</strong></span> <span class='ocrx_word' id='word_1_23' title='bbox 754 459 984 506; x_wconf 88' lang='lat' dir='ltr'><strong>hispidulam</strong></span> <span class='ocrx_word' id='word_1_24' title='bbox 1007 460 1125 504; x_wconf 90' lang='lat' dir='ltr'><strong>paulo</strong></span> <span class='ocrx_word' id='word_1_25' title='bbox 1151 462 1365 505; x_wconf 89' lang='lat' dir='ltr'><strong>superanti-</strong></span> 
     </span>
     <span class='ocr_line' id='line_1_6' title="bbox 95 516 616 560; baseline 0 -10"><span class='ocrx_word' id='word_1_26' title='bbox 95 517 187 560; x_wconf 85' lang='lat' dir='ltr'><strong>bus;</strong></span> <span class='ocrx_word' id='word_1_27' title='bbox 210 518 339 550; x_wconf 78' lang='lat' dir='ltr'><strong>rostro</strong></span> <span class='ocrx_word' id='word_1_28' title='bbox 363 516 616 560; x_wconf 85' lang='lat' dir='ltr'><strong>bicuspidato.</strong></span> 
     </span>
    </p>
   </div>
   <div class='ocr_carea' id='block_1_4' title="bbox 96 571 1368 777">
    <p class='ocr_par' dir='ltr' id='par_1_4' title="bbox 96 571 1368 777">
     <span class='ocr_line' id='line_1_7' title="bbox 186 571 1366 618; baseline 0.001 -13"><span class='ocrx_word' id='word_1_29' title='bbox 186 572 254 606; x_wconf 87' lang='lat' dir='ltr'><strong>Ad</strong></span> <span class='ocrx_word' id='word_1_30' title='bbox 278 571 520 618; x_wconf 78' lang='lat' dir='ltr'><strong>margines</strong></span> <span class='ocrx_word' id='word_1_31' title='bbox 544 571 798 615; x_wconf 86' lang='lat' dir='ltr'><strong>fossarum,</strong></span> <span class='ocrx_word' id='word_1_32' title='bbox 821 571 1102 615; x_wconf 81' lang='lat' dir='ltr'><strong>rivulorum,</strong></span> <span class='ocrx_word' id='word_1_33' title='bbox 1124 571 1366 606; x_wconf 78' lang='lat' dir='ltr'><strong>fluminum</strong></span> 
     </span>
     <span class='ocr_line' id='line_1_8' title="bbox 98 625 1367 673; baseline -0.001 -11"><span class='ocrx_word' id='word_1_34' title='bbox 98 630 140 662; x_wconf 80' lang='lat' dir='ltr'><strong>et</strong></span> <span class='ocrx_word' id='word_1_35' title='bbox 170 628 361 661; x_wconf 89' lang='lat' dir='ltr'><strong>lacuum.</strong></span> <span class='ocrx_word' id='word_1_36' title='bbox 415 625 773 673; x_wconf 82' lang='lat' dir='ltr'><strong>(Thiergartcn,</strong></span> <span class='ocrx_word' id='word_1_37' title='bbox 805 626 1154 670; x_wconf 85' lang='lat' dir='ltr'><strong>Wilmersdorf,</strong></span> <span class='ocrx_word' id='word_1_38' title='bbox 1190 626 1367 661; x_wconf 86' lang='lat' dir='ltr'><strong>Grune-</strong></span> 
     </span>
     <span class='ocr_line' id='line_1_9' title="bbox 96 681 1368 728; baseline 0.001 -12"><span class='ocrx_word' id='word_1_39' title='bbox 96 682 237 727; x_wconf 77' lang='lat' dir='ltr'><strong>wald,</strong></span> <span class='ocrx_word' id='word_1_40' title='bbox 281 681 616 728; x_wconf 81' lang='lat' dir='ltr'><strong>Pichelsherg,</strong></span> <span class='ocrx_word' id='word_1_41' title='bbox 662 682 892 727; x_wconf 87' lang='lat' dir='ltr'><strong>Spandan,</strong></span> <span class='ocrx_word' id='word_1_42' title='bbox 935 681 1102 727; x_wconf 80' lang='lat' dir='ltr'><strong>Tegel,</strong></span> <span class='ocrx_word' id='word_1_43' title='bbox 1154 681 1368 725; x_wconf 83' lang='lat' dir='ltr'><strong>Rudow.)</strong></span> 
     </span>
     <span class='ocr_line' id='line_1_10' title="bbox 96 732 541 777; baseline -0.007 -5"><span class='ocrx_word' id='word_1_44' title='bbox 96 738 263 772; x_wconf 78' lang='lat' dir='ltr'><strong>Floret</strong></span> <span class='ocrx_word' id='word_1_45' title='bbox 294 738 451 771; x_wconf 86' lang='lat' dir='ltr'><strong>Junio.</strong></span> <span class='ocrx_word' id='word_1_46' title='bbox 497 732 541 777; x_wconf 66' lang='grc'><strong>21-</strong></span> 
     </span>
    </p>
   </div>
   <div class='ocr_carea' id='block_1_5' title="bbox 98 791 1367 884">
    <p class='ocr_par' dir='ltr' id='par_1_5' title="bbox 98 791 1367 884">
     <span class='ocr_line' id='line_1_11' title="bbox 189 791 1367 838; baseline 0 -11"><span class='ocrx_word' id='word_1_47' title='bbox 189 793 376 838; x_wconf 86' lang='lat' dir='ltr'><strong>Squamae</strong></span> <span class='ocrx_word' id='word_1_48' title='bbox 410 792 773 837; x_wconf 74' lang='lat' dir='ltr'><strong>hyalino-albidae‚</strong></span> <span class='ocrx_word' id='word_1_49' title='bbox 813 792 933 826; x_wconf 86' lang='lat' dir='ltr'><strong>arista</strong></span> <span class='ocrx_word' id='word_1_50' title='bbox 972 791 1180 837; x_wconf 86' lang='lat' dir='ltr'><strong>carinaque</strong></span> <span class='ocrx_word' id='word_1_51' title='bbox 1215 792 1367 827; x_wconf 79' lang='lat' dir='ltr'><strong>virides.</strong></span> 
     </span>
     <span class='ocr_line' id='line_1_12' title="bbox 98 848 702 884; baseline -0.003 0"><span class='ocrx_word' id='word_1_52' title='bbox 98 849 265 884; x_wconf 83' lang='lat' dir='ltr'><strong>Utriculi</strong></span> <span class='ocrx_word' id='word_1_53' title='bbox 289 848 498 882; x_wconf 86' lang='lat' dir='ltr'><strong>stramineo</strong></span> <span class='ocrx_word' id='word_1_54' title='bbox 511 848 702 882; x_wconf 86' lang='lat' dir='ltr'><strong>-viriduli.</strong></span> 
     </span>
    </p>
   </div>
   <div class='ocr_carea' id='block_1_6' title="bbox 449 933 1020 982">
    <p class='ocr_par' dir='ltr' id='par_1_6' title="bbox 449 933 1020 982">
     <span class='ocr_line' id='line_1_13' title="bbox 449 933 1020 982; baseline -0.004 0"><span class='ocrx_word' id='word_1_55' title='bbox 449 934 848 982; x_wconf 84' lang='lat' dir='ltr'><strong>GRAMINEAE</strong></span> <span class='ocrx_word' id='word_1_56' title='bbox 881 933 1020 980; x_wconf 78' lang='lat' dir='ltr'><strong>JuSS.</strong></span> 
     </span>
    </p>
   </div>
   <div class='ocr_carea' id='block_1_7' title="bbox 99 1006 1378 2326">
    <p class='ocr_par' dir='ltr' id='par_1_7' title="bbox 99 1006 1378 2326">
     <span class='ocr_line' id='line_1_14' title="bbox 199 1006 1371 1058; baseline -0.003 -11"><span class='ocrx_word' id='word_1_57' title='bbox 199 1010 346 1047; x_wconf 87' lang='lat' dir='ltr'><strong>Flores</strong></span> <span class='ocrx_word' id='word_1_58' title='bbox 378 1008 612 1058; x_wconf 84' lang='lat' dir='ltr'><strong>polygami,</strong></span> <span class='ocrx_word' id='word_1_59' title='bbox 659 1008 866 1045; x_wconf 67' lang='lat' dir='ltr'><strong>interdum</strong></span> <span class='ocrx_word' id='word_1_60' title='bbox 902 1007 1113 1055; x_wconf 88' lang='lat' dir='ltr'><strong>monoeci,</strong></span> <span class='ocrx_word' id='word_1_61' title='bbox 1157 1006 1371 1045; x_wconf 87' lang='lat' dir='ltr'><strong>rarissime</strong></span> 
     </span>
     <span class='ocr_line' id='line_1_15' title="bbox 100 1067 1371 1119; baseline -0.003 -10"><span class='ocrx_word' id='word_1_62' title='bbox 100 1070 250 1119; x_wconf 84' lang='lat' dir='ltr'><strong>dioeci,</strong></span> <span class='ocrx_word' id='word_1_63' title='bbox 282 1070 403 1118; x_wconf 83' lang='lat' dir='ltr'><strong>nudi,</strong></span> <span class='ocrx_word' id='word_1_64' title='bbox 438 1070 605 1106; x_wconf 81' lang='lat' dir='ltr'><strong>bractea</strong></span> <span class='ocrx_word' id='word_1_65' title='bbox 634 1067 785 1116; x_wconf 84' lang='lat' dir='ltr'><strong>duplici</strong></span> <span class='ocrx_word' id='word_1_66' title='bbox 815 1067 987 1119; x_wconf 89' lang='lat' dir='ltr'><strong>(paleis)</strong></span> <span class='ocrx_word' id='word_1_67' title='bbox 1016 1067 1191 1116; x_wconf 75' lang='lat' dir='ltr'><strong>obtecti,</strong></span> <span class='ocrx_word' id='word_1_68' title='bbox 1230 1068 1371 1105; x_wconf 87' lang='lat' dir='ltr'><strong>solita·</strong></span> 
     </span>
     <span class='ocr_line' id='line_1_16' title="bbox 99 1128 1372 1180; baseline -0.002 -11"><span class='ocrx_word' id='word_1_69' title='bbox 99 1132 171 1179; x_wconf 87' lang='lat' dir='ltr'><strong>rii,</strong></span> <span class='ocrx_word' id='word_1_70' title='bbox 198 1130 351 1180; x_wconf 80' lang='lat' dir='ltr'><strong>gemini</strong></span> <span class='ocrx_word' id='word_1_71' title='bbox 379 1130 447 1167; x_wconf 84' lang='lat' dir='ltr'><strong>vel</strong></span> <span class='ocrx_word' id='word_1_72' title='bbox 473 1131 614 1178; x_wconf 88' lang='lat' dir='ltr'><strong>plures</strong></span> <span class='ocrx_word' id='word_1_73' title='bbox 642 1130 875 1178; x_wconf 91' lang='lat' dir='ltr'><strong>pedunculo</strong></span> <span class='ocrx_word' id='word_1_74' title='bbox 904 1128 1109 1167; x_wconf 87' lang='lat' dir='ltr'><strong>communi</strong></span> <span class='ocrx_word' id='word_1_75' title='bbox 1136 1128 1372 1166; x_wconf 84' lang='lat' dir='ltr'><strong>alternatim</strong></span> 
     </span>
     <span class='ocr_line' id='line_1_17' title="bbox 99 1189 1371 1240; baseline -0.003 -10"><span class='ocrx_word' id='word_1_76' title='bbox 99 1191 303 1240; x_wconf 80' lang='lat' dir='ltr'><strong>impositi,</strong></span> <span class='ocrx_word' id='word_1_77' title='bbox 339 1190 526 1238; x_wconf 84' lang='lat' dir='ltr'><strong>distichi,</strong></span> <span class='ocrx_word' id='word_1_78' title='bbox 562 1189 760 1238; x_wconf 86' lang='lat' dir='ltr'><strong>spiculam</strong></span> <span class='ocrx_word' id='word_1_79' title='bbox 799 1190 1098 1228; x_wconf 83' lang='lat' dir='ltr'><strong>constituentes</strong></span> <span class='ocrx_word' id='word_1_80' title='bbox 1130 1189 1371 1226; x_wconf 87' lang='lat' dir='ltr'><strong>uni-multi-</strong></span> 
     </span>
     <span class='ocr_line' id='line_1_18' title="bbox 99 1248 1373 1300; baseline -0.003 -10"><span class='ocrx_word' id='word_1_81' title='bbox 99 1252 269 1300; x_wconf 88' lang='lat' dir='ltr'><strong>floram,</strong></span> <span class='ocrx_word' id='word_1_82' title='bbox 296 1250 386 1288; x_wconf 89' lang='lat' dir='ltr'><strong>basi</strong></span> <span class='ocrx_word' id='word_1_83' title='bbox 402 1250 581 1288; x_wconf 82' lang='lat' dir='ltr'><strong>bracteis</strong></span> <span class='ocrx_word' id='word_1_84' title='bbox 601 1252 715 1288; x_wconf 87' lang='grc'><strong>1-2</strong></span> <span class='ocrx_word' id='word_1_85' title='bbox 732 1250 875 1288; x_wconf 86' lang='lat' dir='ltr'><strong>vacuis</strong></span> <span class='ocrx_word' id='word_1_86' title='bbox 895 1248 1088 1300; x_wconf 82' lang='lat' dir='ltr'><strong>(glumis)</strong></span> <span class='ocrx_word' id='word_1_87' title='bbox 1107 1249 1373 1298; x_wconf 84' lang='lat' dir='ltr'><strong>instructam3</strong></span> 
     </span>
     <span class='ocr_line' id='line_1_19' title="bbox 101 1309 1373 1361; baseline -0.002 -11"><span class='ocrx_word' id='word_1_88' title='bbox 101 1313 339 1361; x_wconf 84' lang='lat' dir='ltr'><strong>superiores</strong></span> <span class='ocrx_word' id='word_1_89' title='bbox 365 1312 434 1348; x_wconf 87' lang='lat' dir='ltr'><strong>vel</strong></span> <span class='ocrx_word' id='word_1_90' title='bbox 459 1309 699 1360; x_wconf 82' lang='lat' dir='ltr'><strong>inferiores,</strong></span> <span class='ocrx_word' id='word_1_91' title='bbox 731 1310 867 1348; x_wconf 85' lang='lat' dir='ltr'><strong>rarius</strong></span> <span class='ocrx_word' id='word_1_92' title='bbox 895 1311 1016 1348; x_wconf 89' lang='lat' dir='ltr'><strong>ambo</strong></span> <span class='ocrx_word' id='word_1_93' title='bbox 1043 1310 1265 1358; x_wconf 85' lang='lat' dir='ltr'><strong>cujuslibet</strong></span> <span class='ocrx_word' id='word_1_94' title='bbox 1292 1309 1373 1359; x_wconf 86' lang='lat' dir='ltr'><strong>spi-</strong></span> 
     </span>
     <span class='ocr_line' id='line_1_20' title="bbox 102 1370 1374 1420; baseline -0.002 -9"><span class='ocrx_word' id='word_1_95' title='bbox 102 1375 218 1412; x_wconf 89' lang='lat' dir='ltr'><strong>culae</strong></span> <span class='ocrx_word' id='word_1_96' title='bbox 242 1370 493 1420; x_wconf 89' lang='lat' dir='ltr'><strong>incompleti.</strong></span> <span class='ocrx_word' id='word_1_97' title='bbox 547 1370 675 1408; x_wconf 86' lang='lat' dir='ltr'><strong>Palea</strong></span> <span class='ocrx_word' id='word_1_98' title='bbox 698 1370 883 1408; x_wconf 84' lang='lat' dir='ltr'><strong>exterior</strong></span> <span class='ocrx_word' id='word_1_99' title='bbox 902 1372 1037 1409; x_wconf 84' lang='lat'>1-3-</span> <span class='ocrx_word' id='word_1_100' title='bbox 1065 1371 1133 1409; x_wconf 88' lang='lat' dir='ltr'><strong>vel</strong></span> <span class='ocrx_word' id='word_1_101' title='bbox 1160 1370 1374 1409; x_wconf 88' lang='lat' dir='ltr'><strong>multiner-</strong></span> 
     </span>
     <span class='ocr_line' id='line_1_21' title="bbox 100 1430 1375 1482; baseline -0.002 -11"><span class='ocrx_word' id='word_1_102' title='bbox 100 1433 191 1482; x_wconf 86' lang='lat' dir='ltr'><strong>via,</strong></span> <span class='ocrx_word' id='word_1_103' title='bbox 222 1432 393 1471; x_wconf 88' lang='lat' dir='ltr'><strong>aristata</strong></span> <span class='ocrx_word' id='word_1_104' title='bbox 420 1432 488 1469; x_wconf 88' lang='lat' dir='ltr'><strong>vel</strong></span> <span class='ocrx_word' id='word_1_105' title='bbox 515 1431 690 1481; x_wconf 78' lang='lat' dir='ltr'><strong>mutica3</strong></span> <span class='ocrx_word' id='word_1_106' title='bbox 717 1430 891 1469; x_wconf 90' lang='lat' dir='ltr'><strong>interior</strong></span> <span class='ocrx_word' id='word_1_107' title='bbox 916 1432 1160 1480; x_wconf 86' lang='lat' dir='ltr'><strong>plerumque</strong></span> <span class='ocrx_word' id='word_1_108' title='bbox 1185 1431 1375 1469; x_wconf 84' lang='lat' dir='ltr'><strong>binervia</strong></span> 
     </span>
     <span class='ocr_line' id='line_1_22' title="bbox 103 1491 1373 1542; baseline -0.002 -9"><span class='ocrx_word' id='word_1_109' title='bbox 103 1498 145 1533; x_wconf 79' lang='lat' dir='ltr'><strong>et</strong></span> <span class='ocrx_word' id='word_1_110' title='bbox 176 1494 349 1542; x_wconf 75' lang='lat' dir='ltr'><strong>mutina,</strong></span> <span class='ocrx_word' id='word_1_111' title='bbox 383 1493 631 1542; x_wconf 88' lang='lat' dir='ltr'><strong>quandoque</strong></span> <span class='ocrx_word' id='word_1_112' title='bbox 658 1492 864 1530; x_wconf 85' lang='lat' dir='ltr'><strong>deficiens.</strong></span> <span class='ocrx_word' id='word_1_113' title='bbox 919 1491 1103 1530; x_wconf 87' lang='lat' dir='ltr'><strong>Stamina</strong></span> <span class='ocrx_word' id='word_1_114' title='bbox 1130 1492 1373 1542; x_wconf 81' lang='lat' dir='ltr'><strong>hypogyna,</strong></span> 
     </span>
     <span class='ocr_line' id='line_1_23' title="bbox 104 1552 1376 1604; baseline -0.001 -11"><span class='ocrx_word' id='word_1_115' title='bbox 104 1554 272 1593; x_wconf 88' lang='lat' dir='ltr'><strong>definita</strong></span> <span class='ocrx_word' id='word_1_116' title='bbox 299 1553 540 1604; x_wconf 88' lang='lat' dir='ltr'><strong>(rarissime</strong></span> <span class='ocrx_word' id='word_1_117' title='bbox 566 1552 609 1589; x_wconf 89' lang='lat' dir='ltr'><strong>in</strong></span> <span class='ocrx_word' id='word_1_118' title='bbox 637 1553 813 1590; x_wconf 85' lang='lat' dir='ltr'><strong>floribus</strong></span> <span class='ocrx_word' id='word_1_119' title='bbox 840 1552 1034 1590; x_wconf 84' lang='lat' dir='ltr'><strong>masculis</strong></span> <span class='ocrx_word' id='word_1_120' title='bbox 1059 1552 1316 1604; x_wconf 88' lang='lat' dir='ltr'><strong>indefinita),</strong></span> <span class='ocrx_word' id='word_1_121' title='bbox 1350 1556 1376 1592; x_wconf 90' lang='lat'>6</span> 
     </span>
     <span class='ocr_line' id='line_1_24' title="bbox 103 1613 1375 1662; baseline -0.001 -9"><span class='ocrx_word' id='word_1_122' title='bbox 103 1617 174 1653; x_wconf 83' lang='lat' dir='ltr'><strong>vel</strong></span> <span class='ocrx_word' id='word_1_123' title='bbox 201 1616 351 1652; x_wconf 90' lang='lat' dir='ltr'><strong>abortu</strong></span> <span class='ocrx_word' id='word_1_124' title='bbox 376 1614 592 1662; x_wconf 83' lang='lat' dir='ltr'><strong>pauciora,</strong></span> <span class='ocrx_word' id='word_1_125' title='bbox 619 1614 865 1662; x_wconf 86' lang='lat' dir='ltr'><strong>plerumque</strong></span> <span class='ocrx_word' id='word_1_126' title='bbox 890 1615 926 1652; x_wconf 88' lang='grc'><strong>3.</strong></span> <span class='ocrx_word' id='word_1_127' title='bbox 979 1613 1192 1652; x_wconf 85' lang='lat' dir='ltr'><strong>Antherae</strong></span> <span class='ocrx_word' id='word_1_128' title='bbox 1217 1613 1375 1652; x_wconf 82' lang='lat' dir='ltr'><strong>hilocu-</strong></span> 
     </span>
     <span class='ocr_line' id='line_1_25' title="bbox 104 1674 1375 1724; baseline -0.001 -10"><span class='ocrx_word' id='word_1_129' title='bbox 104 1677 235 1724; x_wconf 89' lang='lat' dir='ltr'><strong>lares,</strong></span> <span class='ocrx_word' id='word_1_130' title='bbox 263 1674 459 1723; x_wconf 86' lang='lat' dir='ltr'><strong>utrinque</strong></span> <span class='ocrx_word' id='word_1_131' title='bbox 485 1674 646 1711; x_wconf 86' lang='lat' dir='ltr'><strong>bifidae.</strong></span> <span class='ocrx_word' id='word_1_132' title='bbox 703 1674 904 1712; x_wconf 87' lang='lat' dir='ltr'><strong>Ovarium</strong></span> <span class='ocrx_word' id='word_1_133' title='bbox 932 1674 1190 1723; x_wconf 88' lang='lat' dir='ltr'><strong>l-loculare,</strong></span> <span class='ocrx_word' id='word_1_134' title='bbox 1219 1677 1375 1714; x_wconf 80' lang='lat' dir='ltr'><strong>l-ovu·</strong></span> 
     </span>
     <span class='ocr_line' id='line_1_26' title="bbox 104 1734 1375 1785; baseline -0.002 -11"><span class='ocrx_word' id='word_1_135' title='bbox 104 1739 246 1774; x_wconf 89' lang='lat' dir='ltr'><strong>latum.</strong></span> <span class='ocrx_word' id='word_1_136' title='bbox 300 1735 446 1784; x_wconf 86' lang='lat' dir='ltr'><strong>Stylus</strong></span> <span class='ocrx_word' id='word_1_137' title='bbox 475 1735 649 1783; x_wconf 83' lang='lat' dir='ltr'><strong>duplex,</strong></span> <span class='ocrx_word' id='word_1_138' title='bbox 676 1735 813 1772; x_wconf 88' lang='lat' dir='ltr'><strong>rarius</strong></span> <span class='ocrx_word' id='word_1_139' title='bbox 839 1734 991 1785; x_wconf 75' lang='lat' dir='ltr'><strong>triplex</strong></span> <span class='ocrx_word' id='word_1_140' title='bbox 1017 1736 1087 1772; x_wconf 87' lang='lat' dir='ltr'><strong>vel</strong></span> <span class='ocrx_word' id='word_1_141' title='bbox 1114 1734 1289 1783; x_wconf 88' lang='lat' dir='ltr'><strong>simplex</strong></span> <span class='ocrx_word' id='word_1_142' title='bbox 1315 1735 1375 1772; x_wconf 87' lang='lat' dir='ltr'><strong>hi-</strong></span> 
     </span>
     <span class='ocr_line' id='line_1_27' title="bbox 104 1794 1376 1845; baseline -0.002 -10"><span class='ocrx_word' id='word_1_143' title='bbox 104 1798 225 1835; x_wconf 84' lang='lat' dir='ltr'><strong>fidus.</strong></span> <span class='ocrx_word' id='word_1_144' title='bbox 286 1794 488 1845; x_wconf 84' lang='lat' dir='ltr'><strong>Stigmata</strong></span> <span class='ocrx_word' id='word_1_145' title='bbox 520 1795 729 1845; x_wconf 89' lang='lat' dir='ltr'><strong>plumosa,</strong></span> <span class='ocrx_word' id='word_1_146' title='bbox 770 1794 1131 1845; x_wconf 80' lang='lat' dir='ltr'><strong>aspergilliformia</strong></span> <span class='ocrx_word' id='word_1_147' title='bbox 1164 1795 1233 1832; x_wconf 87' lang='lat' dir='ltr'><strong>vel</strong></span> <span class='ocrx_word' id='word_1_148' title='bbox 1264 1794 1376 1844; x_wconf 84' lang='lat' dir='ltr'><strong>peni-</strong></span> 
     </span>
     <span class='ocr_line' id='line_1_28' title="bbox 106 1855 1377 1905; baseline -0.002 -9"><span class='ocrx_word' id='word_1_149' title='bbox 106 1856 360 1905; x_wconf 84' lang='lat' dir='ltr'><strong>cilliformia,</strong></span> <span class='ocrx_word' id='word_1_150' title='bbox 387 1856 524 1894; x_wconf 87' lang='lat' dir='ltr'><strong>rarius</strong></span> <span class='ocrx_word' id='word_1_151' title='bbox 550 1855 779 1905; x_wconf 82' lang='lat' dir='ltr'><strong>hispidula3</strong></span> <span class='ocrx_word' id='word_1_152' title='bbox 813 1855 908 1905; x_wconf 87' lang='lat' dir='ltr'><strong>pilis</strong></span> <span class='ocrx_word' id='word_1_153' title='bbox 935 1855 1191 1904; x_wconf 89' lang='lat' dir='ltr'><strong>simplicibus</strong></span> <span class='ocrx_word' id='word_1_154' title='bbox 1218 1856 1286 1893; x_wconf 87' lang='lat' dir='ltr'><strong>vel</strong></span> <span class='ocrx_word' id='word_1_155' title='bbox 1311 1868 1377 1894; x_wconf 80' lang='lat' dir='ltr'><strong>ra·</strong></span> 
     </span>
     <span class='ocr_line' id='line_1_29' title="bbox 106 1917 1377 1966; baseline -0.003 -9"><span class='ocrx_word' id='word_1_156' title='bbox 106 1919 246 1958; x_wconf 89' lang='lat' dir='ltr'><strong>mosis.</strong></span> <span class='ocrx_word' id='word_1_157' title='bbox 301 1917 549 1966; x_wconf 71' lang='lat' dir='ltr'><strong>squamulae</strong></span> <span class='ocrx_word' id='word_1_158' title='bbox 575 1919 620 1965; x_wconf 89' lang='lat'><strong>2,</strong></span> <span class='ocrx_word' id='word_1_159' title='bbox 648 1917 931 1965; x_wconf 88' lang='lat' dir='ltr'><strong>succulentae,</strong></span> <span class='ocrx_word' id='word_1_160' title='bbox 958 1928 1254 1965; x_wconf 86' lang='lat' dir='ltr'><strong>nonnunquam</strong></span> <span class='ocrx_word' id='word_1_161' title='bbox 1282 1928 1377 1954; x_wconf 88' lang='lat' dir='ltr'><strong>con·</strong></span> 
     </span>
     <span class='ocr_line' id='line_1_30' title="bbox 106 1977 1377 2026; baseline -0.002 -10"><span class='ocrx_word' id='word_1_162' title='bbox 106 1979 325 2017; x_wconf 81' lang='lat' dir='ltr'><strong>nataevel</strong></span> <span class='ocrx_word' id='word_1_163' title='bbox 352 1981 498 2015; x_wconf 84' lang='lat' dir='ltr'><strong>auctae</strong></span> <span class='ocrx_word' id='word_1_164' title='bbox 524 1977 669 2026; x_wconf 84' lang='lat' dir='ltr'><strong>tertia,</strong></span> <span class='ocrx_word' id='word_1_165' title='bbox 700 1977 810 2015; x_wconf 88' lang='lat' dir='ltr'><strong>inter</strong></span> <span class='ocrx_word' id='word_1_166' title='bbox 835 1978 983 2015; x_wconf 87' lang='lat' dir='ltr'><strong>florem</strong></span> <span class='ocrx_word' id='word_1_167' title='bbox 1011 1980 1052 2014; x_wconf 86' lang='lat' dir='ltr'><strong>et</strong></span> <span class='ocrx_word' id='word_1_168' title='bbox 1077 1978 1236 2025; x_wconf 84' lang='lat' dir='ltr'><strong>paleam</strong></span> <span class='ocrx_word' id='word_1_169' title='bbox 1264 1980 1377 2015; x_wconf 84' lang='lat' dir='ltr'><strong>exte·</strong></span> 
     </span>
     <span class='ocr_line' id='line_1_31' title="bbox 107 2037 1376 2087; baseline -0.002 -10"><span class='ocrx_word' id='word_1_170' title='bbox 107 2039 261 2077; x_wconf 88' lang='lat' dir='ltr'><strong>riorem</strong></span> <span class='ocrx_word' id='word_1_171' title='bbox 288 2039 412 2086; x_wconf 84' lang='lat' dir='ltr'><strong>sitae,</strong></span> <span class='ocrx_word' id='word_1_172' title='bbox 440 2050 562 2087; x_wconf 87' lang='lat' dir='ltr'><strong>saepe</strong></span> <span class='ocrx_word' id='word_1_173' title='bbox 589 2038 901 2086; x_wconf 83' lang='lat' dir='ltr'><strong>minutissimae,</strong></span> <span class='ocrx_word' id='word_1_174' title='bbox 928 2037 1136 2074; x_wconf 84' lang='lat' dir='ltr'><strong>interdum</strong></span> <span class='ocrx_word' id='word_1_175' title='bbox 1161 2039 1282 2086; x_wconf 88' lang='lat' dir='ltr'><strong>plane</strong></span> <span class='ocrx_word' id='word_1_176' title='bbox 1310 2039 1376 2075; x_wconf 89' lang='lat' dir='ltr'><strong>de-</strong></span> 
     </span>
     <span class='ocr_line' id='line_1_32' title="bbox 107 2096 1377 2148; baseline -0.002 -11"><span class='ocrx_word' id='word_1_177' title='bbox 107 2099 305 2138; x_wconf 85' lang='lat' dir='ltr'><strong>ficientes.</strong></span> <span class='ocrx_word' id='word_1_178' title='bbox 358 2098 585 2148; x_wconf 84' lang='lat' dir='ltr'><strong>Caryopsis</strong></span> <span class='ocrx_word' id='word_1_179' title='bbox 618 2098 750 2135; x_wconf 87' lang='lat' dir='ltr'><strong>libera</strong></span> <span class='ocrx_word' id='word_1_180' title='bbox 778 2099 846 2135; x_wconf 90' lang='lat' dir='ltr'><strong>vel</strong></span> <span class='ocrx_word' id='word_1_181' title='bbox 882 2096 1012 2146; x_wconf 83' lang='lat' dir='ltr'><strong>paleis</strong></span> <span class='ocrx_word' id='word_1_182' title='bbox 1046 2098 1208 2134; x_wconf 87' lang='lat' dir='ltr'><strong>adnata.</strong></span> <span class='ocrx_word' id='word_1_183' title='bbox 1260 2097 1377 2135; x_wconf 90' lang='lat' dir='ltr'><strong>Peri-</strong></span> 
     </span>
     <span class='ocr_line' id='line_1_33' title="bbox 110 2157 1378 2208; baseline -0.002 -11"><span class='ocrx_word' id='word_1_184' title='bbox 110 2159 294 2208; x_wconf 83' lang='lat' dir='ltr'><strong>carpium</strong></span> <span class='ocrx_word' id='word_1_185' title='bbox 320 2163 465 2208; x_wconf 85' lang='lat' dir='ltr'><strong>tenue,</strong></span> <span class='ocrx_word' id='word_1_186' title='bbox 492 2159 865 2207; x_wconf 88' lang='lat' dir='ltr'><strong>membranaceum,</strong></span> <span class='ocrx_word' id='word_1_187' title='bbox 899 2157 1044 2196; x_wconf 86' lang='lat' dir='ltr'><strong>semini</strong></span> <span class='ocrx_word' id='word_1_188' title='bbox 1070 2158 1286 2206; x_wconf 85' lang='lat' dir='ltr'><strong>adnatum,</strong></span> <span class='ocrx_word' id='word_1_189' title='bbox 1312 2170 1378 2195; x_wconf 91' lang='lat' dir='ltr'><strong>ra-</strong></span> 
     </span>
     <span class='ocr_line' id='line_1_34' title="bbox 110 2218 1378 2268; baseline -0.002 -10"><span class='ocrx_word' id='word_1_190' title='bbox 110 2219 274 2258; x_wconf 82' lang='lat' dir='ltr'><strong>rissime</strong></span> <span class='ocrx_word' id='word_1_191' title='bbox 299 2223 556 2258; x_wconf 85' lang='lat' dir='ltr'><strong>crustaceum</strong></span> <span class='ocrx_word' id='word_1_192' title='bbox 590 2222 630 2256; x_wconf 86' lang='lat' dir='ltr'><strong>et</strong></span> <span class='ocrx_word' id='word_1_193' title='bbox 660 2219 849 2256; x_wconf 87' lang='lat' dir='ltr'><strong>liberum.</strong></span> <span class='ocrx_word' id='word_1_194' title='bbox 907 2218 1092 2268; x_wconf 82' lang='lat' dir='ltr'><strong>Embryo</strong></span> <span class='ocrx_word' id='word_1_195' title='bbox 1118 2218 1238 2257; x_wconf 85' lang='lat' dir='ltr'><strong>lateri</strong></span> <span class='ocrx_word' id='word_1_196' title='bbox 1265 2220 1378 2256; x_wconf 79' lang='lat' dir='ltr'><strong>exte-</strong></span> 
     </span>
     <span class='ocr_line' id='line_1_35' title="bbox 110 2278 1376 2326; baseline -0.002 -8"><span class='ocrx_word' id='word_1_197' title='bbox 110 2280 213 2319; x_wconf 87' lang='lat' dir='ltr'><strong>riori</strong></span> <span class='ocrx_word' id='word_1_198' title='bbox 236 2280 455 2319; x_wconf 88' lang='lat' dir='ltr'><strong>albuminis</strong></span> <span class='ocrx_word' id='word_1_199' title='bbox 472 2278 667 2318; x_wconf 85' lang='lat' dir='ltr'><strong>farinacei</strong></span> <span class='ocrx_word' id='word_1_200' title='bbox 695 2291 843 2317; x_wconf 87' lang='lat' dir='ltr'><strong>versus</strong></span> <span class='ocrx_word' id='word_1_201' title='bbox 869 2278 1000 2317; x_wconf 86' lang='lat' dir='ltr'><strong>hasim</strong></span> <span class='ocrx_word' id='word_1_202' title='bbox 1022 2279 1264 2326; x_wconf 79' lang='lat' dir='ltr'><strong>adhaerens,</strong></span> <span class='ocrx_word' id='word_1_203' title='bbox 1292 2289 1376 2315; x_wconf 91' lang='lat' dir='ltr'><strong>mo·</strong></span> 
     </span>
    </p>
   </div>
  </div>
 </body>
</html>
