1518 2615
146 249 221 288 316
642 244 924 294 Cyperaceae.

147 343 673 386 semitereti-canaliculatis,
704 341 1168 388 loculoso-fistulosis*),
1199 341 1282 376 basi
1309 342 1417 387 vagi-

148 404 299 447 niscri83
324 402 436 447 spicis
462 401 582 445 longe
608 398 889 443 pedunculatis,
911 399 1147 443 interruptis.

238 460 279 493 P.
305 458 491 491 marinum
518 454 623 489 Linn.
650 453 754 499 Spec.
780 454 857 489 184.
904 452 1011 491 Flor,
1036 453 1138 490 Dan,
1163 457 1186 489 t.
1214 454 1289 490 186.

238 515 280 548 Ρ.
306 516 496 547 setaceum
523 511 740 545 Sclmmaeh.
767 509 881 546 saell.
906 511 962 546 51.

238 571 284 604 P.
309 568 488 602 filiformc
515 567 622 601 Pers.
650 567 804 613 Synops.
831 567 861 600 l.
887 566 965 600 152.

239 625 291 659 In
331 625 548 659 arenosis
584 625 767 658 lacuum
802 622 926 656 etin
956 619 1121 654 fluviis
1153 630 1243 653 non
1272 618 1422 652 infre·

152 693 306 729 quens,
355 680 591 727 (Tegcler
616 680 720 723 Sec,
747 677 926 720 Havel.)
973 676 1132 710 Floret
1158 678 1352 709 aestate.
1381 670 1423 713 24-

241 739 403 772 Fructus
440 737 596 781 oblique
633 735 808 778 obovati,
857 731 1282 775 subsemiorbiculares,
1326 741 1423 764 com-

153 795 292 841 pressi,
315 794 448 828 siccati
472 794 586 826 dorso
611 791 787 825 carinali.
822 789 982 833 (Koch.)

494 882 929 932 CYPERACEAE
964 880 1100 927 Jews,

258 973 403 1011 Flores
437 969 767 1019 hermaphroditi
801 969 867 1005 vel
901 966 1092 1014 diclines,
1126 965 1225 1003 nudi
1260 966 1329 1002 vel
1363 977 1426 1002 ca-

157 1037 251 1085 lyce
284 1032 497 1081 instructi,
533 1032 685 1081 singuli
721 1042 892 1079 squama
928 1026 1148 1078 (bractea)
1185 1026 1344 1075 stipati,
1385 1027 1428 1063 in

158 1096 312 1146 spicam
341 1094 564 1146 (spinulam
591 1091 726 1141 auct.)
764 1091 926 1139 multi-,
960 1090 1102 1139 pauci·
1132 1090 1200 1126 vel
1228 1089 1428 1128 l·ss01·am

159 1156 368 1207 congesti,
416 1155 583 1194 distichi
622 1154 690 1192 vel
735 1153 917 1201 undique
957 1150 1170 1200 dispositi3
1209 1150 1428 1187 inferiores

160 1232 282 1269 saepe
315 1217 481 1256 nonnisi
514 1217 565 1254 ad
600 1227 811 1264 squamam
845 1225 1016 1251 vacuam
1053 1211 1219 1250 redacti.
1281 1211 1429 1260 calyx,

160 1281 231 1318 ubi
265 1281 401 1329 adest,
437 1276 779 1317 rutlimentarius:
821 1276 960 1324 sepala
986 1276 1030 1324 6,
1063 1273 1268 1311 interdum
1297 1273 1430 1321 plura,

161 1343 296 1380 rarius
325 1342 475 1378 abortu
502 1339 719 1388 pauciora,
753 1336 1001 1381 setisormia,
1035 1334 1431 1383 spinuloso-scabra

164 1405 230 1442 vel
256 1404 466 1452 plumosa,
492 1410 785 1447 nonnunquam
816 1396 1077 1443 tenuissima,
1111 1393 1339 1443 capillaria,
1373 1393 1432 1431 in-

162 1465 326 1503 terdum
354 1474 406 1500 cx
433 1464 457 1502 6
483 1473 593 1499 nunc
620 1459 756 1498 omnia
784 1471 892 1496 nunc
910 1456 1116 1494 nonnisi3
1134 1456 1291 1492 alterna
1310 1467 1429 1503 squa-

163 1523 461 1564 mulaeformia.
521 1521 706 1560 Stamina
738 1522 782 1566 3,
825 1519 975 1568 sepalis
1013 1517 1182 1555 totidem
1211 1516 1427 1554 exteriori-

164 1588 243 1626 bus
271 1587 484 1636 opposita,
518 1583 655 1622 rarIus
690 1581 888 1632 pauciora
922 1580 988 1617 vel
1021 1579 1153 1628 plura.
1204 1578 1432 1616 Filamenta

165 1651 260 1699 post
288 1646 477 1685 anthesiu
506 1646 711 1694 elongata,
739 1643 945 1680 interdum
973 1639 1229 1689 longissima,
1256 1639 1432 1687 plerum-

167 1723 247 1761 que
273 1706 548 1759 persistentia.
607 1706 818 1743 Antherae
849 1703 1119 1749 biloculares,
1150 1700 1243 1738 basi
1266 1700 1432 1748 affixae,

167 1771 282 1821 apice
308 1768 525 1816 indivisae,
552 1768 798 1817 plerumque
825 1764 1013 1802 lineares.
1063 1762 1263 1800 ovarium
1293 1764 1434 1800 l-ovu·

165 1834 317 1881 latum,
357 1831 409 1868 ad
442 1829 573 1867 hasim
606 1828 810 1866 interdum
844 1825 957 1863 disco
991 1824 1182 1862 cinctum.
1252 1822 1436 1860 Ovulum

168 1897 364 1941 erectum,
390 1890 543 1940 rhaphi
568 1886 858 1938 longitudinali
884 1887 1143 1924 instructum.
1178 1882 1288 1932 Styli
1307 1884 1345 1928 3,
1374 1895 1436 1919 ra-

168 1955 256 1993 rius
282 1956 321 2003 2,
347 1954 591 2003 plerumque
617 1951 778 1988 inferne
801 1947 932 1998 magis
958 1946 1149 1984 minusve
1170 1943 1348 1990 connati,
1374 1956 1437 1982 ra·

171 2015 334 2052 rissime
362 2013 477 2063 apice
504 2012 630 2050 bifidi.
683 2011 862 2049 Fructus
891 2004 1149 2059 (achenium)
1179 2008 1437 2054 l-spermus,

171 2087 256 2113 non
289 2075 526 2124 dehiscens,
563 2071 844 2125 leniticularis,
882 2071 1273 2119 plano-convexus,
1312 2065 1438 2104 trian-

173 2137 347 2186 gularis,
375 2137 663 2187 cylindraceus
689 2134 757 2172 vel
784 2132 1006 2183 globosus,
1033 2141 1108 2179 per
1136 2128 1342 2177 stylorum
1369 2127 1438 2164 ha-

173 2197 252 2236 sim
300 2203 587 2237 concretorum
635 2197 879 2246 plerumque
918 2190 1162 2232 terminatus
1209 2188 1278 2227 vel
1315 2188 1439 2226 raris-

175 2259 277 2297 sime
303 2259 424 2308 plane
457 2260 669 2307 obtectus;
701 2257 744 2294 in
773 2253 972 2294 Caricinis
1001 2250 1101 2303 (ubi
1127 2249 1239 2300 spica
1265 2249 1439 2288 feminea

246 2363 273 2395 ⁹)
294 2360 379 2391 Folia
398 2367 562 2392 transverse
581 2369 690 2389 venosa
711 2357 872 2388 secundum
891 2357 978 2387 Meri.
998 2358 1027 2383 et
1045 2354 1142 2383 Koch.
