1518 2615
119 135 193 174 230

255 290 317 349 B)
385 285 1080 337 MONOCOTYLEDONES
1115 283 1252 331 Jass.

189 387 567 440 Endorrhizeae
602 384 747 432 Rich.
816 384 1127 447 Endogenae
1166 382 1321 430 Cand.

507 462 819 528 Amphibrya
852 463 1003 510 Endl.

224 554 411 602 Embryo
438 551 645 590 albumine
670 550 855 587 inclusus
888 550 956 586 vel
983 548 1197 596 suffultus,
1231 546 1393 585 rarissi-

125 630 190 656 me
217 629 265 654 eo
292 615 503 664 privatus,
530 612 749 659 indivisus,
778 611 875 648 hinc
902 610 1117 647 radiccllas
1152 609 1284 659 (solas
1311 612 1393 646 tar-

126 680 220 718 dius
244 677 421 716 radicem
439 672 774 722 constituentes),
802 672 896 709 inde
917 672 1173 721 gemmulam·
1192 671 1393 708 emittens.

126 740 289 780 Folium
322 737 588 788 primordiale
621 732 902 785 (cotyledon)
945 745 1106 782 semper
1151 731 1396 783 solitarium,

129 800 633 844 carnoso-incrassatum,
670 796 769 833 folia
804 794 1119 843 subsequentia,
1153 794 1398 842 plerumque

129 865 260 902 multo
285 861 461 909 minora,
490 862 602 897 arcte
629 859 827 906 congesta
857 855 1126 907 (gemmulam
1148 856 1216 892 vel
1237 856 1397 903 plumu-

129 924 233 976 lam)
257 924 520 971 amplectens,
550 918 806 969 marginibus
826 918 1013 956 connatis
1036 918 1103 954 vel
1121 916 1274 955 liberis.
1321 915 1399 953 Fo-

130 988 186 1025 lia
213 985 370 1024 seriora
393 984 637 1032 plerumque
674 992 840 1029 sparsa,
876 980 917 1016 in
945 979 1087 1028 paucis
1116 977 1304 1027 opposita
1331 977 1399 1014 vel

131 1047 401 1093 verticillata,
429 1043 546 1081 venis
574 1042 803 1092 parallelis,
831 1040 1107 1089 simplicibus,
1142 1040 1277 1077 rarius
1304 1037 1401 1076 reti·

134 1105 502 1153 culam-ramosis,
539 1104 780 1153 saepissime
813 1102 1035 1152 simplicia,
1076 1101 1259 1150 integra,
1299 1101 1401 1138 inte-

133 1170 312 1223 gerrima
344 1167 517 1216 basique
549 1164 798 1215 vaginantia.
859 1163 998 1201 Cauiis
1032 1164 1275 1212 plerumque
1308 1160 1403 1199 sim-

135 1236 255 1284 plex,
294 1229 544 1280 petiolorum
576 1226 764 1276 reliquiis
800 1225 1046 1273 corticatus,
1081 1224 1404 1273 parenchymate

135 1294 267 1343 magis
299 1291 490 1330 minusve
522 1291 650 1327 denso
682 1287 974 1334 fasciculisque
1006 1286 1155 1335 ligneis
1181 1284 1406 1334 longitudi-

136 1356 300 1396 nalibus
327 1351 559 1389 inordinate
586 1349 797 1398 dispositis
825 1349 1036 1385 confertus
1066 1347 1246 1396 (cortex,
1275 1349 1405 1383 strata

137 1419 274 1468 lignea
301 1411 573 1461 concentrica,
601 1410 755 1449 canalis
781 1410 968 1458 radiique
990 1409 1235 1446 medullares
1257 1399 1404 1458 nulla),

141 1488 379 1518 accrescens
412 1475 453 1512 in
486 1472 661 1511 circuitu
694 1475 734 1509 et
762 1471 964 1508 densitate
991 1483 1065 1520 per
1092 1471 1219 1507 fibras
1248 1483 1269 1507 e
1297 1482 1406 1519 gem-

140 1541 218 1579 mis
245 1538 379 1588 primo
408 1547 556 1573 versus
584 1536 770 1572 centrum
798 1532 981 1570 tenerius
1009 1534 1286 1581 penetrantes,
1315 1531 1407 1568 dein

141 1602 249 1640 inter
274 1598 391 1649 prius
418 1599 618 1634 formatas
645 1595 796 1633 sensim
826 1595 874 1631 ad
902 1593 1178 1643 peripheriam
1198 1593 1409 1632 rediuntcs

141 1663 283 1713 ibique
316 1659 561 1698 desinentes.
618 1657 805 1695 Numero
846 1656 962 1693 floris
995 1656 1173 1705 partium
1208 1654 1409 1704 senarius,

144 1725 280 1776 rarius
308 1721 495 1761 senarius
529 1718 846 1768 multiplicatus,
878 1717 1082 1756 interdum
1117 1718 1266 1755 abortu
1296 1716 1410 1754 dimi-

144 1789 284 1826 nutus.
351 1784 685 1832 Integumentum
719 1781 866 1818 florale
905 1779 1082 1828 simplex
1124 1776 1325 1828 (calyx),
1369 1777 1410 1814 in

145 1847 286 1887 multis
314 1846 506 1883 deficiens
536 1847 577 1882 et
607 1846 706 1881 tune
738 1841 918 1880 bracteis
945 1841 1200 1889 suppletum,
1235 1838 1323 1885 ejus
1351 1850 1412 1876 se·

147 1911 260 1960 pala,
294 1919 403 1946 nunc
437 1905 594 1954 omnia,
620 1916 730 1941 nunc
755 1901 920 1940 nonnisi
948 1901 1164 1950 interiora,
1192 1912 1313 1949 saepe
1341 1912 1407 1949 pe-

149 1972 338 2010 taloidea.

507 2060 799 2105 Conspectus
833 2057 1064 2093 classium.

244 2133 274 2168 1,
322 2130 493 2163 Stamina
518 2128 694 2173 epigyna.

241 2189 275 2223 2.
321 2185 491 2219 Stamina
516 2184 715 2230 perigyna.

242 2245 276 2280 3.
324 2241 495 2276 Stamina
519 2239 738 2286 hypogyna.
