1518 2615
639 188 804 226 Urtica.
1281 189 1354 229 185

82 290 271 340 opposita
299 290 367 328 vel
393 287 602 338 contigua,
630 300 781 338 supera
809 287 1029 339 (verticem
1055 289 1219 327 fructus
1240 301 1352 339 spec·

82 352 211 403 tans).
262 351 451 400 Herbae,
471 351 669 399 frutices
697 352 767 389 vel
791 351 991 401 arbores,
1025 363 1155 402 saepe
1179 351 1354 402 hispida

84 414 151 451 vel
180 413 357 461 scabra3
390 424 522 451 succo
560 425 697 463 aqueo
726 414 796 451 vel
827 414 982 451 lacteo.
1033 414 1161 453 Folia
1192 425 1353 464 sparsa

85 476 151 513 vel
182 475 405 525 opposita,
447 475 684 525 simplicia,
726 475 896 526 integra
934 475 1004 513 vel
1040 476 1160 513 varie
1196 475 1352 523 divisa,

80 536 329 586 saepissime
355 537 578 587 stipulata.
631 537 784 575 Flores
810 537 992 588 spicati,
1022 538 1248 585 racemosi7
1278 551 1352 589 cy-

79 598 207 648 mosi‚
231 599 482 648 pam‘culati
514 599 582 637 vel
616 599 819 649 capitali,
860 611 1157 648 nonnunquam
1190 601 1351 650 glome-

78 659 187 707 rati,
207 661 475 707 fasciculati
499 661 570 698 vel
595 660 805 707 solitarii,
839 660 1050 698 interdum
1076 663 1352 712 receptaculo
1410 656 1413 658 ’

79 733 266 759 carnoso
299 722 484 772 globoso
521 722 857 773 hemisphaerico
900 723 1133 772 explanato
1180 725 1247 762 vel
1278 735 1352 762 ex-

78 788 248 832 cavato,
272 785 398 835 apice
416 785 575 835 pervio
601 784 804 834 impositi,
830 785 1080 834 saepissime
1105 784 1329 824 bracteati.

431 856 726 901 Conspectus
761 867 999 903 generum.

77 918 108 952 Ι.
156 917 293 953 Semen
318 920 503 961 erectum,
531 918 834 960 albuminosum3
860 919 1017 962 embryo
1042 921 1182 955 rectus,

169 977 199 1010 l.
225 974 349 1018 Calyx
373 974 558 1009 femineus
582 974 754 1010 fructifer
775 975 1006 1021 4-partituS,
1030 975 1225 1022 regularis

1083 1032 1313 1067 Parietaria.

168 1089 203 1122 2.
230 1086 354 1130 Calyx
376 1087 561 1121 femineus
584 1086 757 1121 fructifer
779 1087 1087 1135 2-4-sepalus3
1119 1088 1252 1133 sepala
1277 1089 1351 1124 duo

275 1143 469 1177 exteriora
494 1143 535 1177 in
559 1143 633 1177 hoc
655 1144 776 1177 multo
800 1143 978 1179 minora·
1003 1164 1017 1170 -
1043 1163 1058 1171 -
1082 1143 1228 1181 Urtica.

76 1200 128 1236 ΙΙ.
161 1199 299 1234 Semen
322 1200 546 1244 pendulum,
572 1199 917 1237 exalbuminosum.

164 1257 198 1291 1.
222 1254 392 1299 Embryo
417 1256 813 1291 nucinam-curvatus
839 1256 994 1301 (Flores
1019 1257 1172 1301 dioeci.)

1080 1314 1290 1353 Cannabis

163 1370 197 1404 2.
221 1366 390 1413 Embryo
415 1368 568 1414 spiralis
595 1369 748 1414 (Flores
773 1369 931 1413 dioeci.)
968 1387 984 1394 -
1007 1392 1023 1398 -
1047 1388 1062 1397 -
1084 1370 1288 1407 Humulus.

164 1427 198 1464 3.
221 1424 392 1470 Embryo
408 1427 537 1461 rectus
561 1425 717 1470 (Flores
736 1426 1067 1471 hermaphroditi.)
1092 1427 1239 1463 Ulmus.

165 1549 205 1592 I)
238 1548 442 1583 Umxcmn
467 1559 680 1583 mmmmm:
708 1548 905 1592 (Urticeae
930 1550 1073 1595 Endl).
1109 1550 1247 1587 Flores
1271 1564 1350 1589 mo-

76 1605 188 1640 noeci
211 1606 274 1639 vel
298 1606 433 1648 dioeci,
458 1606 655 1640 rarissime
673 1604 899 1652 polygami.'
924 1605 1063 1651 Sep-ala
1081 1608 1201 1654 4-5,
1226 1609 1353 1646 libera

76 1661 139 1695 vel
165 1664 351 1704 connata,
382 1661 423 1694 in
448 1661 609 1696 floribus
632 1662 806 1696 femineis
838 1673 952 1707 saepe
975 1664 1158 1708 pauciora
1183 1668 1222 1699 et
1245 1666 1351 1702 inae-

10 1729 13 1733 ·
77 1717 217 1762 qualia.
277 1716 450 1751 Stamina
481 1717 640 1761 primum
666 1718 769 1752 intus
795 1717 975 1757 curvata,
999 1719 1070 1753 suh
1095 1721 1248 1756 anthesi
1272 1723 1351 1758 ela-

76 1773 170 1806 sticc
195 1783 236 1806 se
259 1773 513 1819 porrigentia·
558 1773 756 1807 Antherae
780 1775 897 1809 dorso
923 1775 1075 1810 affixae.
1115 1776 1265 1824 Stigma
1288 1790 1351 1814 so-

74 1828 263 1873 litarium,
288 1829 446 1865 varium.
493 1828 630 1863 Semen
654 1831 833 1866 erectum.
879 1830 1050 1875 Embryo
1073 1834 1220 1879 rectus,
1246 1836 1352 1870 exal-

73 1884 310 1919 buminosus.
356 1885 551 1919 Radicula
578 1885 660 1919 hilo
686 1887 883 1931 opposita,
919 1898 1068 1933 supera.
1115 1889 1269 1926 Herbae
1291 1894 1356 1928 vel

63 1940 251 1987 frutices,
278 1942 459 1976 interdum
482 1942 660 1987 arbor-es,-
682 1954 796 1977 succo
821 1945 1033 1989 saepissime
1057 1957 1189 1991 nqueo.
1236 1947 1352 1984 Folia

75 1998 248 2043 opposita
270 1999 334 2033 vel
353 2009 498 2043 sparsa.
546 1997 714 2043 stipulae
738 2000 901 2045 liberae,
924 2002 1050 2036 rarius
1072 2001 1210 2038 nullae.

519 2069 724 2117 URTICA
758 2067 904 2119 Linn.

160 2141 298 2177 Flores
329 2144 525 2187 monoeci,
564 2144 690 2178 rarius
720 2144 861 2190 dioeci3
898 2147 1078 2182 masculi:
1125 2146 1250 2193 Calyx
1278 2151 1347 2194 4-‚

73 2196 200 2231 rarius
231 2200 464 2244 5-partitus3
493 2199 742 2245 praefloratio
771 2202 926 2238 valvata
956 2203 1073 2247 (Nees
1104 2204 1153 2239 ab
1178 2205 1347 2250 Esenb.).

75 2250 248 2289 Stamina
269 2257 303 2300 4,
326 2255 453 2290 rarius
472 2257 507 2294 ὃ,
530 2257 684 2291 laciniis
710 2257 894 2302 calycinis
919 2261 1108 2306 opposita,
1133 2262 1237 2295 intus
1262 2272 1346 2296 cur·

74 2310 180 2352 vata,
204 2309 276 2344 suh
306 2312 458 2348 anthesi
482 2312 641 2349 elastice
663 2324 704 2349 se
727 2315 981 2362 porrigentia.
1028 2317 1245 2352 Filamenta
1269 2317 1343 2352 fili·
