1518 2615
115 203 165 241 88
638 201 857 240 Labiatae.

116 302 247 350 lares3
282 300 406 338 loculi
439 300 625 349 paralleli
660 302 727 339 vel
760 302 1048 351 divergenles,
1084 313 1206 350 saepe
1235 313 1379 339 conne-

114 361 215 399 xivo
243 365 499 410 transverso,
526 361 733 399 interdum
761 364 952 413 elongato
983 363 1172 412 separati.
1229 361 1382 399 Ovaria

114 423 212 471 ιβ),
240 422 354 460 disco
382 422 612 470 hypogyno
639 424 894 462 subcarnoso
918 423 1180 473 cupulisormi
1206 422 1382 470 inserta3

116 483 253 521 ovulis
281 482 500 532 solitariis,
534 483 693 521 erectis.
748 483 892 533 stylus
923 488 963 533 l,
1001 497 1022 522 e
1049 489 1190 522 centro
1220 483 1382 520 ovario-

114 556 207 581 rum
231 547 349 581 ortus
377 556 603 594 eorumque
627 545 748 582 bases
776 549 1045 593 connectens,
1077 545 1190 594 apice
1216 545 1382 592 bifidus,

114 604 325 643 rarissime
352 605 514 655 integer
541 610 582 644 et
609 607 888 644 subclavalus.
931 605 1134 655 Stigmata
1155 606 1383 645 terminalia

117 666 183 703 vel
209 667 532 705 subterminalia.
574 667 758 707 Achenia
784 672 822 717 4,
851 667 986 705 rarius
1009 667 1157 705 abortu
1174 668 1382 716 pauciora,

115 739 310 776 exsucca,
344 728 386 766 in
418 729 560 778 paucis
594 741 788 778 carnosa,
822 731 952 767 fundo
981 729 1135 778 calycis
1161 728 1383 777 persisten-

114 789 167 827 tis
193 789 425 828 insidentia.
475 789 622 828 Semen
650 794 842 828 erectum.
887 790 1094 828 Albumen
1120 802 1289 839 parcum
1318 790 1384 826 vel

114 853 360 900 plerumque
386 852 557 889 nullum.
600 851 786 900 Embryo
808 855 958 890 rectus.
997 851 1275 900 Cotyledones
1297 852 1381 899 pla-

115 925 203 950 nae.
258 911 459 950 Radicula
492 913 643 962 infera,
679 916 790 950 recta
828 913 891 949 vel
926 913 999 949 vix
1032 913 1217 950 incurva.
1271 913 1380 949 Her-

117 974 214 1020 bae,
241 974 507 1024 suffiwtices,
521 975 717 1023 frutices
746 974 812 1011 vel
836 972 1029 1010 arbores.
1086 973 1230 1010 Getulis
1257 973 1382 1009 rami-

117 1048 196 1086 que
217 1035 614 1086 quadrangulares5
641 1036 685 1073 hi
714 1036 908 1085 oppositi
931 1035 999 1072 vel
1019 1035 1275 1072 verticillali.
1303 1034 1384 1070 Fo-

115 1098 175 1135 lia
210 1097 432 1147 opposita,
467 1097 613 1134 rarius
649 1097 927 1144 verticillata,
961 1097 1131 1145 integra
1168 1097 1237 1133 vel
1265 1095 1384 1132 varie

115 1159 277 1208 divisa,
311 1159 561 1208 pleramque
592 1158 810 1208 glandulis
842 1158 1012 1195 minatis
1038 1156 1251 1206 globosis,
1287 1157 1380 1192 oleo

115 1221 312 1259 aethereo
350 1220 587 1257 aromatico
622 1220 798 1270 repletis
835 1218 1015 1256 obtecta.
1068 1219 1258 1268 stipulae
1290 1218 1382 1254 uul-

115 1283 193 1320 lae.
249 1282 402 1319 Flores
435 1281 664 1327 maxillares,
698 1280 965 1327 vertit-illati,
999 1280 1144 1316 rarius
1175 1278 1384 1324 solitarii,-

116 1343 318 1382 verticilli
348 1354 402 1380 ex
425 1341 616 1380 umbellis
644 1342 712 1380 vel
736 1342 869 1392 cymi-9
894 1343 918 1379 2
946 1341 1161 1390 oppositis
1180 1340 1384 1388 formati,

116 1416 245 1455 saepe
277 1405 321 1442 in
354 1405 478 1454 apice
511 1404 646 1441 caulis
673 1407 715 1441 ct
739 1414 958 1440 ramorum
988 1413 1260 1447 racemoso·‚
1292 1402 1381 1451 spi-

119 1472 246 1505 cato·
281 1465 348 1502 vel
379 1464 812 1515 capitato-conferti,
848 1463 1069 1502 bracteati.

469 1569 760 1614 Conspectus
798 1577 1032 1613 generum.

117 1639 146 1673 1.
193 1638 363 1672 Stamina
387 1638 420 1671 2.

183 1695 227 1729 A.
253 1693 414 1727 Coi-olla
434 1691 696 1726 suhbilabiata
719 1689 863 1734 (Calyx
875 1690 1095 1737 regularis.)
1122 1689 1304 1734 Lyeopus.

183 1750 226 1786 B.
251 1748 411 1784 Coi-olla
434 1749 595 1793 ringens
620 1746 762 1791 (Calyx
785 1745 1025 1790 bilabiatus.)
1044 1765 1058 1772 -
1082 1765 1097 1772 -
1123 1745 1265 1781 Salvia.

115 1805 164 1841 11.
211 1805 382 1840 Stamina
405 1808 438 1838 4.

183 1862 227 1896 Α.
254 1860 379 1904 Calyx
402 1859 623 1895 bilabiatus.

253 1919 282 1953 l.
307 1916 430 1951 Labia
453 1916 597 1960 calycis
621 1915 794 1960 integra3
819 1914 991 1957 superius
1016 1911 1174 1958 gibbum

1114 1966 1353 2002 Scutellaria.

249 2029 283 2062 2.
309 2026 469 2062 Labium
493 2025 635 2070 calycis
660 2025 832 2070 superius
859 2023 952 2067 tri-‚
978 2022 1135 2057 iuferius
1159 2023 1326 2059 bifidum.

191 2184 219 2212 ‘)
235 2182 281 2209 An
308 2180 416 2208 reelius
437 2182 491 2215 (ut
515 2179 543 2207 in
563 2179 738 2217 Boragineis
764 2183 792 2206 et
817 2177 1050 2211 verbenacam
1071 2176 1168 2204 ouria
1188 2176 1304 2204 nonnisi
1324 2177 1383 2205 duo

117 2227 260 2261 (biloba),
285 2236 339 2264 per
363 2231 479 2263 septum
497 2233 514 2252 e
532 2224 712 2262 marginibus
729 2223 842 2252 inflexis
867 2228 1001 2257 enatum,
1026 2228 1156 2250 suturam
1176 2222 1321 2251 dorsalem
1341 2223 1386 2250 in-

117 2279 243 2303 trantem
269 2273 412 2310 attingens
441 2273 528 2309 eique
554 2272 745 2306 coniunctum
771 2270 800 2298 in
826 2270 900 2299 duas
926 2269 1016 2298 divisa
1035 2269 1304 2299 concameratione·
1323 2280 1384 2298 mo-

118 2329 288 2358 nospermas
311 2318 513 2357 biparlibiles?
