<?xml version="1.0" encoding="UTF-8"?>
<!DOCTYPE html PUBLIC "-//W3C//DTD XHTML 1.0 Transitional//EN"
    "http://www.w3.org/TR/xhtml1/DTD/xhtml1-transitional.dtd">
<html xmlns="http://www.w3.org/1999/xhtml" xml:lang="en" lang="en">
 <head>
  <title>
</title>
<meta http-equiv="Content-Type" content="text/html;charset=utf-8" />
  <meta name='ocr-system' content='tesseract 3.04.00' />
  <meta name='ocr-capabilities' content='ocr_page ocr_carea ocr_par ocr_line ocrx_word'/>
</head>
<body>
  <div class='ocr_page' id='page_1' title='image "./floraberolinensi02kunt_0227.png"; bbox 0 0 1518 2615; ppageno 0'>
   <div class='ocr_carea' id='block_1_1' title="bbox 633 178 1386 230">
    <p class='ocr_par' dir='ltr' id='par_1_1' title="bbox 633 178 1386 230">
     <span class='ocr_line' id='line_1_1' title="bbox 633 178 1386 230; baseline -0.007 -10"><span class='ocrx_word' id='word_1_1' title='bbox 633 179 872 230; x_wconf 62' lang='lat' dir='ltr'>Coniferae.</span> <span class='ocrx_word' id='word_1_2' title='bbox 1313 178 1386 216; x_wconf 76' lang='lat'>221</span> 
     </span>
    </p>
   </div>
   <div class='ocr_carea' id='block_1_2' title="bbox 107 277 1391 1377">
    <p class='ocr_par' dir='ltr' id='par_1_2' title="bbox 107 277 1391 1377">
     <span class='ocr_line' id='line_1_2' title="bbox 113 277 1391 337; baseline -0.01 -11"><span class='ocrx_word' id='word_1_3' title='bbox 113 292 222 336; x_wconf 86' lang='lat' dir='ltr'>tum,</span> <span class='ocrx_word' id='word_1_4' title='bbox 258 288 369 337; x_wconf 86' lang='lat' dir='ltr'>stylo</span> <span class='ocrx_word' id='word_1_5' title='bbox 398 287 437 323; x_wconf 85' lang='lat' dir='ltr'>et</span> <span class='ocrx_word' id='word_1_6' title='bbox 464 283 656 332; x_wconf 79' lang='lat' dir='ltr'>stigmate</span> <span class='ocrx_word' id='word_1_7' title='bbox 683 281 914 332; x_wconf 87' lang='lat' dir='ltr'>privatum,</span> <span class='ocrx_word' id='word_1_8' title='bbox 947 290 1098 318; x_wconf 83' lang='lat' dir='ltr'>versus</span> <span class='ocrx_word' id='word_1_9' title='bbox 1128 277 1262 316; x_wconf 82' lang='lat' dir='ltr'><strong>hasim</strong></span> <span class='ocrx_word' id='word_1_10' title='bbox 1290 277 1391 314; x_wconf 85' lang='lat' dir='ltr'>inte-</span> 
     </span>
     <span class='ocr_line' id='line_1_3' title="bbox 114 342 1391 394; baseline -0.009 -8"><span class='ocrx_word' id='word_1_11' title='bbox 114 349 267 387; x_wconf 87' lang='lat' dir='ltr'>riorem</span> <span class='ocrx_word' id='word_1_12' title='bbox 286 346 550 394; x_wconf 79' lang='lat' dir='ltr'>ovuliferum,</span> <span class='ocrx_word' id='word_1_13' title='bbox 566 345 813 393; x_wconf 85' lang='lat' dir='ltr'>plerumque</span> <span class='ocrx_word' id='word_1_14' title='bbox 836 343 1102 391; x_wconf 86' lang='lat' dir='ltr'>explanatum</span> <span class='ocrx_word' id='word_1_15' title='bbox 1121 342 1161 378; x_wconf 87' lang='lat' dir='ltr'>et</span> <span class='ocrx_word' id='word_1_16' title='bbox 1178 351 1391 388; x_wconf 74' lang='lat' dir='ltr'>squamae-</span> 
     </span>
     <span class='ocr_line' id='line_1_4' title="bbox 114 401 1390 459; baseline -0.009 -11"><span class='ocrx_word' id='word_1_17' title='bbox 114 412 261 457; x_wconf 82' lang='lat' dir='ltr'>forme,</span> <span class='ocrx_word' id='word_1_18' title='bbox 290 408 426 447; x_wconf 84' lang='lat' dir='ltr'>rarius</span> <span class='ocrx_word' id='word_1_19' title='bbox 457 405 631 459; x_wconf 89' lang='lat' dir='ltr'>cupuli-,</span> <span class='ocrx_word' id='word_1_20' title='bbox 659 405 829 444; x_wconf 84' lang='lat' dir='ltr'>cuculli·</span> <span class='ocrx_word' id='word_1_21' title='bbox 856 405 924 442; x_wconf 88' lang='lat' dir='ltr'>vel</span> <span class='ocrx_word' id='word_1_22' title='bbox 952 402 1200 442; x_wconf 85' lang='lat' dir='ltr'>disciformc.</span> <span class='ocrx_word' id='word_1_23' title='bbox 1255 401 1390 438; x_wconf 72' lang='lat' dir='ltr'>Ovula</span> 
     </span>
     <span class='ocr_line' id='line_1_5' title="bbox 115 466 1391 519; baseline -0.008 -10"><span class='ocrx_word' id='word_1_24' title='bbox 115 470 314 513; x_wconf 54' lang='lat' dir='ltr'>solitaria„</span> <span class='ocrx_word' id='word_1_25' title='bbox 339 469 405 508; x_wconf 89' lang='lat' dir='ltr'>vel</span> <span class='ocrx_word' id='word_1_26' title='bbox 432 468 617 519; x_wconf 79' lang='lat' dir='ltr'>gemina,</span> <span class='ocrx_word' id='word_1_27' title='bbox 650 467 787 505; x_wconf 87' lang='lat' dir='ltr'>rarius</span> <span class='ocrx_word' id='word_1_28' title='bbox 821 470 940 505; x_wconf 84' lang='lat' dir='ltr'>terna</span> <span class='ocrx_word' id='word_1_29' title='bbox 972 466 1041 503; x_wconf 77' lang='lat' dir='ltr'>vel</span> <span class='ocrx_word' id='word_1_30' title='bbox 1078 466 1220 514; x_wconf 87' lang='lat' dir='ltr'>plura,</span> <span class='ocrx_word' id='word_1_31' title='bbox 1255 466 1391 501; x_wconf 80' lang='lat' dir='ltr'>erecta</span> 
     </span>
     <span class='ocr_line' id='line_1_6' title="bbox 116 525 1389 580; baseline -0.007 -10"><span class='ocrx_word' id='word_1_32' title='bbox 116 534 181 570; x_wconf 88' lang='lat' dir='ltr'>vel</span> <span class='ocrx_word' id='word_1_33' title='bbox 213 532 401 580; x_wconf 84' lang='lat' dir='ltr'>inversa,</span> <span class='ocrx_word' id='word_1_34' title='bbox 435 531 550 580; x_wconf 83' lang='lat' dir='ltr'>apice</span> <span class='ocrx_word' id='word_1_35' title='bbox 583 531 808 578; x_wconf 77' lang='lat' dir='ltr'>perforata.</span> <span class='ocrx_word' id='word_1_36' title='bbox 876 528 1058 566; x_wconf 86' lang='lat' dir='ltr'>Fructus</span> <span class='ocrx_word' id='word_1_37' title='bbox 1094 525 1389 571; x_wconf 85' lang='lat' dir='ltr'>strobilaceus:</span> 
     </span>
     <span class='ocr_line' id='line_1_7' title="bbox 108 587 1388 643; baseline -0.007 -11"><span class='ocrx_word' id='word_1_38' title='bbox 108 593 312 632; x_wconf 83' lang='lat' dir='ltr'>strobilus</span> <span class='ocrx_word' id='word_1_39' title='bbox 333 606 354 631; x_wconf 91' lang='lat' dir='ltr'>e</span> <span class='ocrx_word' id='word_1_40' title='bbox 368 591 612 643; x_wconf 85' lang='lat' dir='ltr'>pericarpiis</span> <span class='ocrx_word' id='word_1_41' title='bbox 629 590 798 640; x_wconf 80' lang='lat' dir='ltr'>apertis,</span> <span class='ocrx_word' id='word_1_42' title='bbox 818 588 1235 640; x_wconf 80' lang='lat' dir='ltr'>squamaeformihus‚</span> <span class='ocrx_word' id='word_1_43' title='bbox 1258 587 1388 636; x_wconf 81' lang='lat' dir='ltr'>ligno-</span> 
     </span>
     <span class='ocr_line' id='line_1_8' title="bbox 111 649 1391 704; baseline -0.007 -10"><span class='ocrx_word' id='word_1_44' title='bbox 111 655 168 693; x_wconf 89' lang='lat' dir='ltr'>sis</span> <span class='ocrx_word' id='word_1_45' title='bbox 195 657 265 694; x_wconf 89' lang='lat' dir='ltr'>vel</span> <span class='ocrx_word' id='word_1_46' title='bbox 292 655 513 704; x_wconf 84' lang='lat' dir='ltr'>coriaceis,</span> <span class='ocrx_word' id='word_1_47' title='bbox 541 653 677 691; x_wconf 88' lang='lat' dir='ltr'>rarius</span> <span class='ocrx_word' id='word_1_48' title='bbox 707 652 907 699; x_wconf 82' lang='lat' dir='ltr'>carnosis,</span> <span class='ocrx_word' id='word_1_49' title='bbox 935 650 1186 698; x_wconf 84' lang='lat' dir='ltr'>imbricatis,</span> <span class='ocrx_word' id='word_1_50' title='bbox 1213 649 1303 686; x_wconf 86' lang='lat' dir='ltr'>basi</span> <span class='ocrx_word' id='word_1_51' title='bbox 1331 649 1391 685; x_wconf 90' lang='lat' dir='ltr'>in-</span> 
     </span>
     <span class='ocr_line' id='line_1_9' title="bbox 108 709 1390 764; baseline -0.006 -9"><span class='ocrx_word' id='word_1_52' title='bbox 108 716 265 756; x_wconf 85' lang='lat' dir='ltr'>teriore</span> <span class='ocrx_word' id='word_1_53' title='bbox 292 716 540 756; x_wconf 85' lang='lat' dir='ltr'>seminiferis</span> <span class='ocrx_word' id='word_1_54' title='bbox 568 714 834 764; x_wconf 87' lang='lat' dir='ltr'>compositus.</span> <span class='ocrx_word' id='word_1_55' title='bbox 877 712 1043 751; x_wconf 83' lang='lat' dir='ltr'>Semina</span> <span class='ocrx_word' id='word_1_56' title='bbox 1070 715 1210 750; x_wconf 85' lang='lat' dir='ltr'>crecta</span> <span class='ocrx_word' id='word_1_57' title='bbox 1236 711 1305 749; x_wconf 79' lang='lat' dir='ltr'>vel</span> <span class='ocrx_word' id='word_1_58' title='bbox 1331 709 1390 747; x_wconf 89' lang='lat' dir='ltr'>in-</span> 
     </span>
     <span class='ocr_line' id='line_1_10' title="bbox 109 775 1391 828; baseline -0.006 -11"><span class='ocrx_word' id='word_1_59' title='bbox 109 791 253 828; x_wconf 85' lang='lat' dir='ltr'>versa,</span> <span class='ocrx_word' id='word_1_60' title='bbox 296 791 418 828; x_wconf 88' lang='lat' dir='ltr'>saepe</span> <span class='ocrx_word' id='word_1_61' title='bbox 453 780 581 826; x_wconf 88' lang='lat' dir='ltr'>alata,</span> <span class='ocrx_word' id='word_1_62' title='bbox 623 776 737 826; x_wconf 84' lang='lat' dir='ltr'>apice</span> <span class='ocrx_word' id='word_1_63' title='bbox 772 777 998 825; x_wconf 82' lang='lat' dir='ltr'>perforata.</span> <span class='ocrx_word' id='word_1_64' title='bbox 1057 775 1391 823; x_wconf 81' lang='lat' dir='ltr'>Intcgumentum</span> 
     </span>
     <span class='ocr_line' id='line_1_11' title="bbox 110 834 1391 891; baseline -0.006 -11"><span class='ocrx_word' id='word_1_65' title='bbox 110 842 309 891; x_wconf 82' lang='lat' dir='ltr'>simplex,</span> <span class='ocrx_word' id='word_1_66' title='bbox 343 843 591 890; x_wconf 85' lang='lat' dir='ltr'>plerumque</span> <span class='ocrx_word' id='word_1_67' title='bbox 625 839 748 875; x_wconf 86' lang='lat' dir='ltr'>valde</span> <span class='ocrx_word' id='word_1_68' title='bbox 781 838 1040 886; x_wconf 88' lang='lat' dir='ltr'>induratum,</span> <span class='ocrx_word' id='word_1_69' title='bbox 1080 836 1227 874; x_wconf 87' lang='lat' dir='ltr'>nucleo</span> <span class='ocrx_word' id='word_1_70' title='bbox 1256 834 1391 884; x_wconf 78' lang='lat' dir='ltr'>magis</span> 
     </span>
     <span class='ocr_line' id='line_1_12' title="bbox 110 896 1390 948; baseline -0.006 -7"><span class='ocrx_word' id='word_1_71' title='bbox 110 904 303 941; x_wconf 88' lang='lat' dir='ltr'>minusve</span> <span class='ocrx_word' id='word_1_72' title='bbox 331 903 540 939; x_wconf 85' lang='lat' dir='ltr'>adnatum.</span> <span class='ocrx_word' id='word_1_73' title='bbox 591 900 778 948; x_wconf 75' lang='lat' dir='ltr'>Embryo</span> <span class='ocrx_word' id='word_1_74' title='bbox 811 899 853 936; x_wconf 90' lang='lat' dir='ltr'>in</span> <span class='ocrx_word' id='word_1_75' title='bbox 882 898 950 936; x_wconf 86' lang='lat' dir='ltr'>axi</span> <span class='ocrx_word' id='word_1_76' title='bbox 978 897 1198 936; x_wconf 88' lang='lat' dir='ltr'>albuminis</span> <span class='ocrx_word' id='word_1_77' title='bbox 1227 896 1390 935; x_wconf 88' lang='lat' dir='ltr'>carnosi</span> 
     </span>
     <span class='ocr_line' id='line_1_13' title="bbox 110 959 1388 1013; baseline -0.006 -10"><span class='ocrx_word' id='word_1_78' title='bbox 110 967 270 1013; x_wconf 80' lang='lat' dir='ltr'>rectus,</span> <span class='ocrx_word' id='word_1_79' title='bbox 305 962 802 1011; x_wconf 77' lang='lat' dir='ltr'>2—ll·cotyledoneus.</span> <span class='ocrx_word' id='word_1_80' title='bbox 862 960 1067 997; x_wconf 85' lang='lat' dir='ltr'>Radicula</span> <span class='ocrx_word' id='word_1_81' title='bbox 1106 959 1262 1008; x_wconf 81' lang='lat' dir='ltr'>apicem</span> <span class='ocrx_word' id='word_1_82' title='bbox 1297 970 1388 1007; x_wconf 84' lang='lat' dir='ltr'>per-</span> 
     </span>
     <span class='ocr_line' id='line_1_14' title="bbox 109 1020 1389 1072; baseline -0.006 -7"><span class='ocrx_word' id='word_1_83' title='bbox 109 1028 293 1065; x_wconf 83' lang='lat' dir='ltr'>foratum</span> <span class='ocrx_word' id='word_1_84' title='bbox 323 1024 491 1062; x_wconf 90' lang='lat' dir='ltr'>seminis</span> <span class='ocrx_word' id='word_1_85' title='bbox 520 1025 711 1072; x_wconf 85' lang='lat' dir='ltr'>spectans</span> <span class='ocrx_word' id='word_1_86' title='bbox 741 1021 814 1072; x_wconf 89' lang='lat' dir='ltr'>(ab</span> <span class='ocrx_word' id='word_1_87' title='bbox 841 1021 928 1059; x_wconf 87' lang='lat' dir='ltr'>hilo</span> <span class='ocrx_word' id='word_1_88' title='bbox 957 1020 1149 1071; x_wconf 80' lang='lat' dir='ltr'>aversa),</span> <span class='ocrx_word' id='word_1_89' title='bbox 1177 1033 1253 1070; x_wconf 86' lang='lat' dir='ltr'>per</span> <span class='ocrx_word' id='word_1_90' title='bbox 1281 1032 1389 1058; x_wconf 89' lang='lat' dir='ltr'>sum-</span> 
     </span>
     <span class='ocr_line' id='line_1_15' title="bbox 109 1081 1391 1135; baseline -0.005 -8"><span class='ocrx_word' id='word_1_91' title='bbox 109 1100 222 1127; x_wconf 87' lang='lat' dir='ltr'>mum</span> <span class='ocrx_word' id='word_1_92' title='bbox 250 1086 407 1135; x_wconf 85' lang='lat' dir='ltr'>apicem</span> <span class='ocrx_word' id='word_1_93' title='bbox 435 1083 632 1122; x_wconf 89' lang='lat' dir='ltr'>albumini</span> <span class='ocrx_word' id='word_1_94' title='bbox 660 1084 832 1121; x_wconf 82' lang='lat' dir='ltr'>adnexa.</span> <span class='ocrx_word' id='word_1_95' title='bbox 893 1081 1092 1121; x_wconf 70' lang='lat' dir='ltr'>Arbores</span> <span class='ocrx_word' id='word_1_96' title='bbox 1119 1083 1188 1121; x_wconf 79' lang='lat' dir='ltr'>vel</span> <span class='ocrx_word' id='word_1_97' title='bbox 1195 1083 1391 1132; x_wconf 70' lang='lat' dir='ltr'>frutices</span> 
     </span>
     <span class='ocr_line' id='line_1_16' title="bbox 107 1145 1389 1197; baseline -0.005 -10"><span class='ocrx_word' id='word_1_98' title='bbox 107 1150 318 1188; x_wconf 73' lang='lat' dir='ltr'>resinosa.</span> <span class='ocrx_word' id='word_1_99' title='bbox 372 1147 499 1184; x_wconf 70' lang='lat' dir='ltr'>Folia</span> <span class='ocrx_word' id='word_1_100' title='bbox 531 1158 716 1197; x_wconf 72' lang='lat' dir='ltr'>sparsa,</span> <span class='ocrx_word' id='word_1_101' title='bbox 752 1145 955 1196; x_wconf 74' lang='lat' dir='ltr'>opposita</span> <span class='ocrx_word' id='word_1_102' title='bbox 983 1145 1053 1183; x_wconf 75' lang='lat' dir='ltr'>vel</span> <span class='ocrx_word' id='word_1_103' title='bbox 1082 1148 1226 1191; x_wconf 79' lang='lat' dir='ltr'>terna,</span> <span class='ocrx_word' id='word_1_104' title='bbox 1262 1145 1389 1182; x_wconf 70' lang='lat' dir='ltr'>inter-</span> 
     </span>
     <span class='ocr_line' id='line_1_17' title="bbox 108 1206 1389 1260; baseline -0.005 -11"><span class='ocrx_word' id='word_1_105' title='bbox 108 1211 207 1250; x_wconf 78' lang='lat' dir='ltr'>dum</span> <span class='ocrx_word' id='word_1_106' title='bbox 219 1209 519 1260; x_wconf 77' lang='lat' dir='ltr'>fasciculam,</span> <span class='ocrx_word' id='word_1_107' title='bbox 544 1208 798 1258; x_wconf 78' lang='lat' dir='ltr'>plerumque</span> <span class='ocrx_word' id='word_1_108' title='bbox 825 1210 1012 1258; x_wconf 68' lang='lat' dir='ltr'>angus-ta</span> <span class='ocrx_word' id='word_1_109' title='bbox 1042 1211 1084 1245; x_wconf 83' lang='lat' dir='ltr'>et</span> <span class='ocrx_word' id='word_1_110' title='bbox 1099 1206 1389 1257; x_wconf 74' lang='lat' dir='ltr'>perennantia</span> 
     </span>
     <span class='ocr_line' id='line_1_18' title="bbox 109 1268 1388 1324; baseline -0.005 -13"><span class='ocrx_word' id='word_1_111' title='bbox 109 1268 364 1324; x_wconf 75' lang='lat' dir='ltr'>(ac-erosa),</span> <span class='ocrx_word' id='word_1_112' title='bbox 397 1270 546 1308; x_wconf 73' lang='lat' dir='ltr'>rarius</span> <span class='ocrx_word' id='word_1_113' title='bbox 579 1270 693 1319; x_wconf 83' lang='lat' dir='ltr'>lata,</span> <span class='ocrx_word' id='word_1_114' title='bbox 725 1268 948 1307; x_wconf 70' lang='lat' dir='ltr'>rarissime</span> <span class='ocrx_word' id='word_1_115' title='bbox 980 1269 1132 1307; x_wconf 76' lang='lat' dir='ltr'>incisa.</span> <span class='ocrx_word' id='word_1_116' title='bbox 1183 1269 1388 1317; x_wconf 69' lang='lat' dir='ltr'>Inflores·</span> 
     </span>
     <span class='ocr_line' id='line_1_19' title="bbox 110 1331 1267 1377; baseline -0.005 -3"><span class='ocrx_word' id='word_1_117' title='bbox 110 1335 250 1374; x_wconf 68' lang='lat' dir='ltr'>centia</span> <span class='ocrx_word' id='word_1_118' title='bbox 277 1332 512 1372; x_wconf 75' lang='lat' dir='ltr'>terminalis</span> <span class='ocrx_word' id='word_1_119' title='bbox 539 1332 610 1369; x_wconf 81' lang='lat' dir='ltr'>vel</span> <span class='ocrx_word' id='word_1_120' title='bbox 632 1331 849 1377; x_wconf 73' lang='lat' dir='ltr'>lateralis,</span> <span class='ocrx_word' id='word_1_121' title='bbox 877 1331 1027 1368; x_wconf 75' lang='lat' dir='ltr'>rarius</span> <span class='ocrx_word' id='word_1_122' title='bbox 1053 1331 1267 1369; x_wconf 71' lang='lat' dir='ltr'>axillaris.</span> 
     </span>
    </p>
   </div>
   <div class='ocr_carea' id='block_1_3' title="bbox 153 1414 1392 1798">
    <p class='ocr_par' dir='ltr' id='par_1_3' title="bbox 470 1414 1035 1460">
     <span class='ocr_line' id='line_1_20' title="bbox 470 1414 1035 1460; baseline -0.004 -10"><span class='ocrx_word' id='word_1_123' title='bbox 470 1414 764 1459; x_wconf 81' lang='lat' dir='ltr'>Conspectus</span> <span class='ocrx_word' id='word_1_124' title='bbox 799 1425 1035 1460; x_wconf 78' lang='lat' dir='ltr'>generum.</span> 
     </span>
    </p>

    <p class='ocr_par' dir='ltr' id='par_1_4' title="bbox 158 1469 1391 1628">
     <span class='ocr_line' id='line_1_21' title="bbox 158 1469 1391 1516; baseline -0.006 -6"><span class='ocrx_word' id='word_1_125' title='bbox 158 1477 191 1513; x_wconf 93' lang='grc'>1.</span> <span class='ocrx_word' id='word_1_126' title='bbox 215 1474 413 1509; x_wconf 86' lang='lat' dir='ltr'>Antherae</span> <span class='ocrx_word' id='word_1_127' title='bbox 442 1472 529 1506; x_wconf 86' lang='lat' dir='ltr'>basi</span> <span class='ocrx_word' id='word_1_128' title='bbox 563 1471 725 1516; x_wconf 74' lang='lat' dir='ltr'>affixae,</span> <span class='ocrx_word' id='word_1_129' title='bbox 758 1471 998 1506; x_wconf 84' lang='lat' dir='ltr'>biloculares</span> <span class='ocrx_word' id='word_1_130' title='bbox 1033 1470 1205 1514; x_wconf 85' lang='lat' dir='ltr'>(Ovaria</span> <span class='ocrx_word' id='word_1_131' title='bbox 1233 1469 1391 1504; x_wconf 84' lang='lat' dir='ltr'>bractea</span> 
     </span>
     <span class='ocr_line' id='line_1_22' title="bbox 312 1526 1387 1575; baseline -0.004 -11"><span class='ocrx_word' id='word_1_132' title='bbox 312 1528 480 1564; x_wconf 85' lang='lat' dir='ltr'>suffulta.</span> <span class='ocrx_word' id='word_1_133' title='bbox 528 1528 693 1562; x_wconf 82' lang='lat' dir='ltr'>Fructus</span> <span class='ocrx_word' id='word_1_134' title='bbox 718 1526 996 1572; x_wconf 82' lang='lat' dir='ltr'>strobilaccus,</span> <span class='ocrx_word' id='word_1_135' title='bbox 1025 1528 1206 1575; x_wconf 76' lang='lat' dir='ltr'>lignosus</span> <span class='ocrx_word' id='word_1_136' title='bbox 1239 1526 1300 1561; x_wconf 80' lang='lat' dir='ltr'>vel</span> <span class='ocrx_word' id='word_1_137' title='bbox 1328 1537 1387 1560; x_wconf 88' lang='lat' dir='ltr'>co-</span> 
     </span>
     <span class='ocr_line' id='line_1_23' title="bbox 310 1583 1237 1628; baseline -0.003 -8"><span class='ocrx_word' id='word_1_138' title='bbox 310 1585 491 1628; x_wconf 83' lang='lat' dir='ltr'>riaceus.)</span> <span class='ocrx_word' id='word_1_139' title='bbox 503 1601 1035 1610; x_wconf 87' lang='lat'><strong>--------------</strong></span> <span class='ocrx_word' id='word_1_140' title='bbox 1065 1601 1080 1608; x_wconf 91' lang='lat'><em>-</em></span> <span class='ocrx_word' id='word_1_141' title='bbox 1104 1583 1237 1618; x_wconf 89' lang='lat' dir='ltr'>Pinus.</span> 
     </span>
    </p>

    <p class='ocr_par' dir='ltr' id='par_1_5' title="bbox 153 1638 1390 1740">
     <span class='ocr_line' id='line_1_24' title="bbox 153 1638 1390 1686; baseline -0.003 -8"><span class='ocrx_word' id='word_1_142' title='bbox 153 1646 187 1680; x_wconf 77' lang='lat'>2.</span> <span class='ocrx_word' id='word_1_143' title='bbox 210 1642 406 1677; x_wconf 84' lang='lat' dir='ltr'>Autherae</span> <span class='ocrx_word' id='word_1_144' title='bbox 429 1643 471 1676; x_wconf 87' lang='lat' dir='ltr'>in</span> <span class='ocrx_word' id='word_1_145' title='bbox 496 1640 694 1675; x_wconf 84' lang='lat' dir='ltr'>filamento</span> <span class='ocrx_word' id='word_1_146' title='bbox 719 1639 830 1674; x_wconf 84' lang='lat' dir='ltr'>brevi</span> <span class='ocrx_word' id='word_1_147' title='bbox 854 1639 1038 1685; x_wconf 84' lang='lat' dir='ltr'>peltatae,</span> <span class='ocrx_word' id='word_1_148' title='bbox 1064 1638 1135 1674; x_wconf 86' lang='lat' dir='ltr'>sub</span> <span class='ocrx_word' id='word_1_149' title='bbox 1152 1640 1390 1686; x_wconf 66' lang='grc' dir='ltr'><strong>Ροῑῑειὸ-δ-</strong></span> 
     </span>
     <span class='ocr_line' id='line_1_25' title="bbox 311 1695 1020 1740; baseline -0.004 -7"><span class='ocrx_word' id='word_1_150' title='bbox 311 1696 518 1733; x_wconf 83' lang='lat' dir='ltr'>locularcs.</span> <span class='ocrx_word' id='word_1_151' title='bbox 566 1696 739 1740; x_wconf 82' lang='lat' dir='ltr'>(Ovaria</span> <span class='ocrx_word' id='word_1_152' title='bbox 764 1695 1020 1740; x_wconf 79' lang='lat' dir='ltr'>ebracteata.)</span> 
     </span>
    </p>

    <p class='ocr_par' dir='ltr' id='par_1_6' title="bbox 224 1751 1392 1798">
     <span class='ocr_line' id='line_1_26' title="bbox 224 1751 1392 1798; baseline -0.003 -8"><span class='ocrx_word' id='word_1_153' title='bbox 224 1767 258 1793; x_wconf 84' lang='lat' dir='ltr'>a.</span> <span class='ocrx_word' id='word_1_154' title='bbox 282 1753 446 1790; x_wconf 83' lang='lat' dir='ltr'>Fructus</span> <span class='ocrx_word' id='word_1_155' title='bbox 467 1753 714 1798; x_wconf 80' lang='lat' dir='ltr'>composituS,</span> <span class='ocrx_word' id='word_1_156' title='bbox 739 1752 1009 1793; x_wconf 65' lang='lat' dir='ltr'>strobikaccus,</span> <span class='ocrx_word' id='word_1_157' title='bbox 1038 1751 1294 1796; x_wconf 83' lang='lat' dir='ltr'>haceiformis‚</span> <span class='ocrx_word' id='word_1_158' title='bbox 1320 1753 1392 1787; x_wconf 92' lang='lat'>1-—</span> 
     </span>
    </p>
   </div>
   <div class='ocr_carea' id='block_1_4' title="bbox 225 1809 1393 1967">
    <p class='ocr_par' dir='ltr' id='par_1_7' title="bbox 225 1809 1393 1967">
     <span class='ocr_line' id='line_1_27' title="bbox 310 1809 1323 1855; baseline -0.001 -12"><span class='ocrx_word' id='word_1_159' title='bbox 310 1812 333 1846; x_wconf 87' lang='lat'><strong>3</strong></span> <span class='ocrx_word' id='word_1_160' title='bbox 341 1832 356 1839; x_wconf 83' lang='lat'><strong>·</strong></span> <span class='ocrx_word' id='word_1_161' title='bbox 365 1820 536 1855; x_wconf 88' lang='lat' dir='ltr'>spermus</span> <span class='ocrx_word' id='word_1_162' title='bbox 554 1827 1085 1837; x_wconf 66' lang='lat'><strong>--------------</strong></span> <span class='ocrx_word' id='word_1_163' title='bbox 1108 1809 1130 1843; x_wconf 91' lang='lat' dir='ltr'><strong>J</strong></span> <span class='ocrx_word' id='word_1_164' title='bbox 1134 1809 1323 1854; x_wconf 80' lang='lat' dir='ltr'>uniperus.</span> 
     </span>
     <span class='ocr_line' id='line_1_28' title="bbox 225 1864 1393 1910; baseline -0.001 -10"><span class='ocrx_word' id='word_1_165' title='bbox 225 1867 258 1905; x_wconf 80' lang='lat' dir='ltr'>b,</span> <span class='ocrx_word' id='word_1_166' title='bbox 282 1865 444 1900; x_wconf 85' lang='lat' dir='ltr'>Fructus</span> <span class='ocrx_word' id='word_1_167' title='bbox 477 1865 694 1909; x_wconf 83' lang='lat' dir='ltr'>solitarius,</span> <span class='ocrx_word' id='word_1_168' title='bbox 736 1875 920 1900; x_wconf 87' lang='lat' dir='ltr'>succoso-</span> <span class='ocrx_word' id='word_1_169' title='bbox 931 1864 1131 1909; x_wconf 81' lang='lat' dir='ltr'>baccatus,</span> <span class='ocrx_word' id='word_1_170' title='bbox 1171 1865 1278 1910; x_wconf 87' lang='lat' dir='ltr'>apice</span> <span class='ocrx_word' id='word_1_171' title='bbox 1313 1864 1393 1899; x_wconf 80' lang='lat' dir='ltr'>late</span> 
     </span>
     <span class='ocr_line' id='line_1_29' title="bbox 313 1921 1258 1967; baseline -0.001 -11"><span class='ocrx_word' id='word_1_172' title='bbox 313 1925 485 1967; x_wconf 83' lang='lat' dir='ltr'>apertus,</span> <span class='ocrx_word' id='word_1_173' title='bbox 513 1923 530 1956; x_wconf 94' lang='lat' dir='ltr'>l</span> <span class='ocrx_word' id='word_1_174' title='bbox 540 1941 554 1948; x_wconf 88' lang='lat'>-</span> <span class='ocrx_word' id='word_1_175' title='bbox 564 1932 735 1966; x_wconf 86' lang='lat' dir='ltr'>spermus</span> <span class='ocrx_word' id='word_1_176' title='bbox 757 1939 1087 1950; x_wconf 87' lang='lat'>---------</span> <span class='ocrx_word' id='word_1_177' title='bbox 1112 1921 1258 1961; x_wconf 69' lang='lat' dir='ltr'>Taxus,</span> 
     </span>
    </p>
   </div>
   <div class='ocr_carea' id='block_1_5' title="bbox 113 2021 1394 2349">
    <p class='ocr_par' dir='ltr' id='par_1_8' title="bbox 113 2021 1394 2349">
     <span class='ocr_line' id='line_1_30' title="bbox 203 2021 1392 2068; baseline -0.001 -11"><span class='ocrx_word' id='word_1_178' title='bbox 203 2022 242 2067; x_wconf 92' lang='lat'>1)</span> <span class='ocrx_word' id='word_1_179' title='bbox 266 2023 486 2057; x_wconf 70' lang='lat' dir='ltr'>Ammmffl</span> <span class='ocrx_word' id='word_1_180' title='bbox 502 2021 857 2059; x_wconf 73' lang='lat' dir='ltr'>Kth.Handb.305.</span> <span class='ocrx_word' id='word_1_181' title='bbox 893 2022 1030 2056; x_wconf 84' lang='lat' dir='ltr'>Flores</span> <span class='ocrx_word' id='word_1_182' title='bbox 1052 2022 1240 2068; x_wconf 79' lang='lat' dir='ltr'>monoeci,</span> <span class='ocrx_word' id='word_1_183' title='bbox 1265 2032 1392 2057; x_wconf 86' lang='lat' dir='ltr'>amen·</span> 
     </span>
     <span class='ocr_line' id='line_1_31' title="bbox 113 2078 1393 2124; baseline -0.002 -9"><span class='ocrx_word' id='word_1_184' title='bbox 113 2080 225 2115; x_wconf 83' lang='lat' dir='ltr'>tacci.</span> <span class='ocrx_word' id='word_1_185' title='bbox 283 2081 456 2115; x_wconf 71' lang='lat' dir='ltr'>Amenta,</span> <span class='ocrx_word' id='word_1_186' title='bbox 489 2078 713 2124; x_wconf 85' lang='lat' dir='ltr'>plerumque</span> <span class='ocrx_word' id='word_1_187' title='bbox 752 2079 1007 2123; x_wconf 79' lang='lat' dir='ltr'>cylindracea.</span> <span class='ocrx_word' id='word_1_188' title='bbox 1074 2079 1272 2113; x_wconf 84' lang='lat' dir='ltr'>Antherae</span> <span class='ocrx_word' id='word_1_189' title='bbox 1309 2079 1393 2113; x_wconf 88' lang='lat' dir='ltr'>fila—</span> 
     </span>
     <span class='ocr_line' id='line_1_32' title="bbox 114 2135 1393 2179; baseline -0.002 -8"><span class='ocrx_word' id='word_1_190' title='bbox 114 2139 243 2171; x_wconf 87' lang='lat' dir='ltr'>mento</span> <span class='ocrx_word' id='word_1_191' title='bbox 266 2135 376 2170; x_wconf 85' lang='lat' dir='ltr'>brevi</span> <span class='ocrx_word' id='word_1_192' title='bbox 400 2136 629 2177; x_wconf 83' lang='lat' dir='ltr'>insidentes,</span> <span class='ocrx_word' id='word_1_193' title='bbox 651 2135 901 2178; x_wconf 66' lang='lat' dir='ltr'>hihculares,</span> <span class='ocrx_word' id='word_1_194' title='bbox 927 2137 1147 2179; x_wconf 75' lang='lat' dir='ltr'>extrorsae3</span> <span class='ocrx_word' id='word_1_195' title='bbox 1171 2135 1312 2170; x_wconf 88' lang='lat' dir='ltr'>loculis</span> <span class='ocrx_word' id='word_1_196' title='bbox 1336 2146 1393 2169; x_wconf 85' lang='lat' dir='ltr'>se-</span> 
     </span>
     <span class='ocr_line' id='line_1_33' title="bbox 115 2191 1394 2239; baseline -0.001 -12"><span class='ocrx_word' id='word_1_197' title='bbox 115 2193 278 2228; x_wconf 82' lang='lat' dir='ltr'>cundum</span> <span class='ocrx_word' id='word_1_198' title='bbox 313 2192 598 2239; x_wconf 82' lang='lat' dir='ltr'>longitudinem</span> <span class='ocrx_word' id='word_1_199' title='bbox 635 2191 942 2236; x_wconf 83' lang='lat' dir='ltr'>dehiscentibus,</span> <span class='ocrx_word' id='word_1_200' title='bbox 983 2191 1110 2226; x_wconf 83' lang='lat' dir='ltr'>rarius</span> <span class='ocrx_word' id='word_1_201' title='bbox 1141 2192 1394 2226; x_wconf 84' lang='lat' dir='ltr'>transversim</span> 
     </span>
     <span class='ocr_line' id='line_1_34' title="bbox 114 2247 1394 2295; baseline -0.002 -12"><span class='ocrx_word' id='word_1_202' title='bbox 114 2249 388 2294; x_wconf 80' lang='lat' dir='ltr'>rumpentibus.</span> <span class='ocrx_word' id='word_1_203' title='bbox 435 2248 582 2284; x_wconf 78' lang='lat' dir='ltr'>Ovaria</span> <span class='ocrx_word' id='word_1_204' title='bbox 606 2248 766 2295; x_wconf 82' lang='lat' dir='ltr'>singula</span> <span class='ocrx_word' id='word_1_205' title='bbox 790 2259 858 2294; x_wconf 84' lang='lat' dir='ltr'>per</span> <span class='ocrx_word' id='word_1_206' title='bbox 881 2248 1078 2283; x_wconf 79' lang='lat' dir='ltr'>bracteam</span> <span class='ocrx_word' id='word_1_207' title='bbox 1107 2248 1287 2283; x_wconf 81' lang='lat' dir='ltr'>adnatam</span> <span class='ocrx_word' id='word_1_208' title='bbox 1317 2247 1394 2281; x_wconf 78' lang='lat' dir='ltr'>suf·</span> 
     </span>
     <span class='ocr_line' id='line_1_35' title="bbox 116 2304 1394 2349; baseline 0 -11"><span class='ocrx_word' id='word_1_209' title='bbox 116 2304 234 2348; x_wconf 84' lang='lat' dir='ltr'>fulta,</span> <span class='ocrx_word' id='word_1_210' title='bbox 265 2304 488 2346; x_wconf 80' lang='lat' dir='ltr'>biovulata;</span> <span class='ocrx_word' id='word_1_211' title='bbox 519 2305 643 2339; x_wconf 81' lang='lat' dir='ltr'>ovulis</span> <span class='ocrx_word' id='word_1_212' title='bbox 675 2305 852 2341; x_wconf 80' lang='lat' dir='ltr'>inversis.</span> <span class='ocrx_word' id='word_1_213' title='bbox 907 2304 1100 2340; x_wconf 86' lang='lat' dir='ltr'>Strobilns</span> <span class='ocrx_word' id='word_1_214' title='bbox 1126 2315 1147 2339; x_wconf 87' lang='lat' dir='ltr'>e</span> <span class='ocrx_word' id='word_1_215' title='bbox 1171 2304 1394 2349; x_wconf 80' lang='lat' dir='ltr'>pericarpiis</span> 
     </span>
    </p>
   </div>
  </div>
 </body>
</html>
