1518 2615
605 144 859 194 sagittaria.
1295 147 1369 185 297

185 243 296 278 Folia
321 243 584 289 primordialia
611 244 650 276 in
673 243 808 288 planta
828 242 998 287 juvenili
1021 242 1204 287 linearia,
1231 247 1370 292 grami-

94 311 168 335 nea
201 301 459 346 (phyllodia).
516 298 655 345 Sepala
687 299 874 333 interiora
904 298 1012 343 alba,
1054 300 1251 345 unguibus
1283 313 1369 347 pur-

93 367 233 401 pureis.

470 450 818 499 AROIDEAE
852 448 988 498 Jass.

191 536 338 575 Flores
369 536 560 585 diclines,
596 538 717 587 nudi,
752 537 925 575 masculi
961 538 1012 574 ad
1041 539 1200 575 stamen
1229 536 1367 576 solita·

90 599 218 648 rium,
252 598 417 636 feminei
447 600 496 636 ad
525 599 728 648 pistillum
755 598 933 647 redacti,
962 598 1108 636 iisdem
1139 599 1204 636 vel
1231 599 1367 637 rarius

90 660 267 699 diversis
295 660 531 710 spadicibus
566 661 814 710 insidentes,
848 661 1092 710 plerumque
1127 661 1368 710 ebracteati,

87 734 198 760 nunc
223 724 346 771 plane
374 722 577 772 distincti,
611 723 786 760 masculi
817 721 1076 771 superiores,
1113 723 1279 761 feminei
1306 723 1366 760 in-

87 783 283 832 feriores,
312 784 355 822 hi
382 784 591 822 interdum
622 784 869 822 staminibus
897 784 1030 822 effetis
1059 783 1364 835 (staminodiis)

88 846 232 895 eincti3
260 858 370 884 nunc
389 846 624 884 inordinate
642 845 887 892 intermixti,
912 846 1086 883 masculi
1107 846 1364 896 crebriores3

86 908 264 945 nuncin
292 908 419 945 flores
453 907 979 957 pseudohermaphroditos
1015 908 1221 957 congesti:
1257 920 1364 945 mas-

87 968 167 1006 culi
188 981 263 1018 per
288 973 516 1018 quaternos*
540 970 607 1007 vel
633 982 755 1007 senos
784 968 940 1019 (rarius
963 982 1038 1018 per
1065 968 1229 1019 ternos)
1256 970 1364 1007 eirea

85 1029 287 1079 pistillum
322 1031 512 1080 dispositi
549 1031 787 1081 singulique
829 1035 1000 1070 externe
1036 1033 1202 1069 bractea
1241 1043 1363 1080 squa-

84 1092 299 1130 maet‘ormi
321 1092 492 1130 suffulti.
521 1093 733 1130 Antherae
751 1095 772 1132 1
788 1114 821 1122 ‹—
842 1094 1222 1143 2-plu1'iloculares.
1253 1093 1362 1131 Ova-

17 1155 33 1165 ³
82 1153 144 1190 ria
188 1156 256 1203 l·,
296 1153 433 1192 rarius
473 1155 859 1206 2—3-locula1-ia3
906 1157 1031 1193 ovula
1073 1155 1257 1193 solitaria
1293 1157 1362 1193 vel

80 1215 220 1263 plura,
255 1215 450 1253 basilaria
480 1216 545 1253 vel
572 1216 807 1266 parietalia,
844 1221 980 1256 erecta
1013 1218 1082 1255 vel
1110 1218 1360 1255 adscenden-

82 1275 149 1313 tia.
211 1274 356 1325 stylus
393 1278 533 1315 nullus
574 1280 641 1316 vel
680 1278 869 1327 simplex.
938 1278 1098 1329 Stigma
1138 1279 1358 1329 integrum.

80 1336 259 1375 Fructus
281 1349 496 1387 carnosus,
524 1339 661 1377 rarius
691 1352 908 1390 exsuccus,
936 1341 1214 1390 indehiscens,
1245 1344 1360 1390 1·Ρο-

80 1399 331 1448 lyspermus.
378 1400 566 1450 Embryo
593 1402 637 1443 in
665 1401 733 1439 axi
762 1402 983 1440 albuminis
1012 1403 1176 1441 carnosi
1204 1402 1272 1440 vel
1299 1404 1358 1440 fa-

78 1460 233 1498 rinacei
267 1465 427 1511 rectus,
464 1462 779 1511 teretiusculus,
822 1465 872 1501 ad
906 1476 1034 1502 unum
1070 1465 1180 1502 latus
1207 1464 1357 1502 rimula

77 1522 197 1560 brevi
220 1523 512 1574 longitudinali
539 1527 720 1562 notatus.
760 1524 963 1563 Radicula
990 1526 1121 1564 hilum
1149 1529 1354 1575 spectans,

77 1584 214 1621 rarius
256 1585 292 1622 ci
334 1586 537 1634 opposita.
587 1584 776 1623 -Herbae
816 1587 887 1624 vel
913 1588 1129 1637 frutices,
1179 1588 1356 1626 aeaules

78 1645 148 1683 vel
173 1646 473 1693 cauleseentes,
502 1659 633 1697 saepe
659 1647 912 1686 scandentes
940 1652 981 1686 et
1005 1649 1264 1697 radicantes,
1292 1650 1353 1687 in-

77 1706 244 1745 terdum
270 1706 546 1755 arbusculae,
572 1710 828 1761 plerumque
861 1723 994 1748 sacco
1031 1712 1225 1749 caustico
1253 1724 1352 1749 sca-

76 1772 223 1806 tentes.
256 1769 407 1808 Radiae
433 1771 476 1808 in
497 1770 723 1809 acaalibas
745 1765 996 1823 saepissime
1020 1784 1173 1811 crassa
1190 1777 1238 1812 -et
1257 1785 1352 1811 ear-

75 1842 208 1876 nosa„
249 1830 375 1868 Folia
401 1844 581 1883 sparsa,
608 1834 779 1884 integra
808 1834 877 1881 vel
899 1835 1019 1872 varie
1045 1834 1199 1882 divisa,
1225 1836 1351 1874 inter-

74 1892 173 1930 dum
203 1892 553 1947 subcomposita²
584 1908 714 1948 saepe
743 1896 883 1950 omnia
909 1896 1149 1944 radic-alia,-
1176 1897 1346 1948 petiole

74 1955 317 2005 vaginante.
384 1956 552 2007 Spadix
587 1958 789 2012 axillaris
824 1959 894 1997 vel
919 1958 1150 2008 radicalis,
1190 1959 1348 2010 spatha

72 2017 345 2068 monophylla
371 2019 594 2068 saffultus.

424 2089 721 2137 Conspectus
756 2104 993 2141 generum.

117 2152 147 2186 l.
174 2151 308 2187 mores
333 2153 521 2198 spadicem
532 2186 535 2189 .
547 2154 797 2202 obtegentes,
816 2157 982 2192 ,maseuli
1004 2156 1162 2192 bractea
1186 2154 1344 2196 suffulti,

270 2219 338 2254 per
367 2220 483 2244 senos
514 2211 661 2255 pistillo
688 2211 947 2257 circumpositi
969 2213 1160 2259 floresque
1184 2212 1342 2257 pseudo-

271 2265 604 2312 hermaphroditos
630 2270 855 2305 mentientes
880 2288 1053 2298 -----
1078 2270 1237 2306 Acorus,

967 2327 1012 2362 13
1021 2326 1067 2350 με
